3217 5117
1124 461 1320 525 Acrs
1368 478 1460 524 or
1509 458 1891 525 CHAPTER.
2536 476 2613 540 25

406 636 642 699 decem
719 634 1172 719 quadrigatas
1241 637 1439 700 turbe
1505 650 1839 719 perpetuo
1900 635 2208 719 singulis
2268 634 2474 697 annis
2536 632 2621 697 de

409 756 604 799 mora
649 733 960 799 eiusdem
1013 734 1174 799 ville
1235 734 1655 818 percipiend.
1722 735 1817 797 illi
1874 748 1940 799 et
1997 735 2369 799 heredibus
2424 733 2617 805 suis:

408 833 721 898 Tenend.
755 834 840 898 de
875 834 1077 899 nobis
1107 834 1615 919 imperpetuum
1649 834 1859 899 libere
1883 847 1951 899 et
1981 833 2235 916 quiete,
2272 831 2620 897 reddendo

409 933 614 998 nobis
644 935 1005 998 annuatim
1040 955 1162 1018 pro
1194 934 1384 999 omni
1421 934 1721 999 seruicio
1752 947 1816 998 et
1850 933 2219 999 exaccione
2252 932 2614 997 duodecim

405 1032 732 1098 denarios
793 1035 1173 1099 solvendos
1225 1034 1313 1098 ad
1373 1034 1829 1100 Pentecosten
1881 1047 1948 1099 et
1994 1056 2113 1098 sex
2162 1033 2486 1099 denarios
2530 1032 2617 1096 ad

408 1132 657 1198 festum
723 1134 1030 1198 Martini.
1155 1134 1418 1198 Omnia
1474 1134 1779 1217 predicta
1833 1157 1987 1200 cum
2053 1134 2485 1199 aisiamentis
2549 1132 2615 1196 in

407 1233 808 1299 introitibus
876 1248 943 1299 et
1009 1234 1332 1311 exitibuS,
1405 1235 1470 1298 in
1557 1235 1761 1317 aquis
1840 1235 1907 1298 in
1990 1236 2122 1299 viis
2191 1247 2255 1299 et
2323 1232 2613 1307 semitis·‚

403 1334 729 1399 dedimus
761 1347 828 1399 et
858 1335 1333 1399 concessimus
1369 1334 1634 1417 prefato
1672 1330 1878 1397 Petro
1911 1344 1978 1395 et
2023 1330 2394 1397 heredibus
2441 1328 2611 1405 suiS,

407 1455 546 1515 que
615 1432 944 1518 Rogerus
990 1436 1074 1501 de
1127 1434 1377 1520 Neuby
1426 1434 1615 1499 dedit
1660 1446 1728 1497 et
1773 1444 1960 1496 carta
2005 1452 2133 1495 sua
2181 1428 2622 1495 confirmauit

416 1534 570 1597 Deo
601 1548 668 1598 et
701 1536 963 1599 Sancto
997 1533 1331 1600 Wilfrido
1373 1548 1441 1600 et
1491 1534 1692 1600 nobis
1743 1532 1809 1595 in
1864 1544 2265 1615 perpetuam
2316 1528 2621 1594 elimosi-

411 1654 596 1697 nam.
700 1633 862 1698 Hiis
896 1634 1209 1708 testibus,
1248 1648 1374 1700 etc.

558 1846 698 1925 (22)
747 1842 1050 1925 (GRANT
1099 1862 1190 1907 OF
1241 1862 1482 1907 LANDs
1534 1860 1625 1905 nv
1680 1841 1949 1907 Roman
2002 1858 2097 1904 DE
2152 1840 2464 1915 Νιςυιςγ).

585 2006 830 2071 Sciant
861 2028 1128 2079 omnes,
1168 2020 1306 2070 tam
1347 2020 1699 2090 presentes
1742 2028 1951 2089 quam
1992 2003 2222 2079 futuri,
2262 2004 2447 2087 quod
2484 2026 2620 2088 ego

418 2106 747 2191 Rogerus
809 2108 894 2171 de
959 2107 1211 2192 Neuby
1265 2106 1420 2171 dedi
1474 2120 1540 2171 et
1594 2106 1904 2171 concessi
1959 2118 2023 2170 et
2081 2105 2377 2188 presenti
2436 2119 2623 2169 carta

409 2206 821 2272 confirmaui
863 2208 1015 2274 Deo
1048 2222 1115 2273 et
1153 2210 1414 2273 Sancto
1453 2206 1784 2271 Wilfrido
1830 2219 1898 2271 et
1942 2204 2301 2269 canonicis
2348 2204 2495 2269 suis
2538 2205 2624 2268 de

419 2306 678 2390 Ripon'
745 2308 812 2370 in
896 2322 1296 2392 perpetuam
1375 2307 1857 2383 elemosinam,
1930 2325 2143 2368 unum
2226 2304 2469 2369 tostum
2552 2304 2619 2367 in

417 2407 666 2492 Neuby
723 2428 806 2473 ex
863 2422 1150 2491 vtraque
1209 2421 1400 2491 parte
1456 2408 1565 2471 vie
1621 2427 1843 2488 vsque
1897 2404 1983 2469 ad
2044 2404 2231 2469 Yore
2289 2405 2626 2487 protensit

415 2506 568 2587 (sic)
635 2507 1026 2590 proximum
1099 2506 1270 2573 tofto
1347 2506 1658 2585 Henrici,
1726 2520 1795 2570 et
1862 2519 1998 2569 tres
2060 2526 2255 2569 acras
2318 2519 2490 2569 terre
2555 2503 2621 2567 in

413 2627 664 2689 campo
725 2606 1034 2671 eiusdem
1103 2608 1286 2684 ville,
1348 2607 1631 2683 scilicet,
1688 2626 1895 2669 vnam
1961 2625 2190 2669 acram
2248 2604 2315 2667 in
2371 2604 2627 2669 lncroft

413 2720 478 2771 et
528 2706 595 2769 in
639 2706 980 2771 Vttecroft
1029 2708 1202 2773 inter
1248 2721 1495 2773 terram
1549 2704 1886 2782 SimoniS,
1936 2707 2222 2768 alteram
2272 2724 2502 2768 acram
2554 2705 2620 2767 in

415 2806 826 2881 Tranholm‚
891 2828 1097 2869 vnam
1167 2807 1563 2890 perticatam
1634 2806 1699 2869 in
1765 2803 2236 2889 Langlandes,
2298 2816 2365 2866 et
2414 2824 2620 2867 vnam

417 2906 814 2988 perticatam
857 2906 1044 2970 iuxta
1077 2906 1440 2991 Staynros,
1481 2918 1548 2971 et
1589 2906 1949 2969 dimidiam
2000 2924 2230 2968 acram
2286 2902 2351 2965 in
2392 2903 2625 2988 Lang-

415 3004 772 3089 layreland
828 3017 894 3070 et
951 3004 1016 3067 in
1079 3006 1578 3070 Schortlandes
1644 3006 1999 3089 proximas
2062 3018 2247 3069 terre·
2300 3024 2437 3085 que
2498 3003 2625 3068 fuit

417 3103 731 3180 Henrici‚
772 3104 1048 3168 terciam
1085 3125 1314 3169 acram
1349 3106 1436 3169 ad
1471 3104 1882 3170 Tendelhau
1923 3103 2009 3167 de
2052 3102 2407 3167 dominico
2444 3124 2617 3179 mee,

411 3204 772 3268 dimidiam
837 3224 1068 3268 acram
1125 3218 1191 3269 et
1248 3226 1451 3268 vnam
1523 3205 1920 3289 perticatam
1979 3203 2064 3266 ad
2132 3204 2486 3279 Salhacre,
2555 3216 2627 3269 et

412 3325 624 3368 vnam
691 3304 1090 3387 perticatam
1165 3304 1251 3368 ad
1321 3306 1765 3390 Brathegata,
1838 3303 2191 3386 proximas
2254 3316 2427 3367 terre
2490 3324 2625 3385 que

412 3403 541 3467 fuit
577 3403 889 3469 Henrici.
994 3402 1082 3467 Et
1117 3418 1466 3487 pasturam
1505 3405 1570 3467 xl
1612 3405 1852 3469 ouium
1896 3416 1963 3467 et
2008 3416 2165 3468 octo
2212 3402 2620 3467 animalium

410 3518 480 3569 et
555 3503 763 3568 vnius
831 3504 1016 3587 equi,
1085 3518 1150 3568 et
1211 3505 1447 3569 decem
1511 3504 1968 3589 quadrigatas
2030 3504 2227 3567 turbe
2293 3519 2626 3586 perpetuo

410 3604 718 3689 singulis
760 3604 967 3669 annis
1010 3604 1095 3668 de
1142 3626 1334 3669 mora
1381 3626 1533 3669 mea
1583 3602 2084 3687 percipiendas.
2185 3602 2499 3667 Tenend.
2539 3603 2625 3667 de

413 3724 526 3767 me
578 3717 647 3768 et
701 3703 1073 3768 heredibus
1133 3703 1303 3769 meis
1361 3703 1897 3788 imperpetuum,
1957 3703 2191 3777 libere,
2247 3702 2499 3785 quiete,
2560 3716 2627 3768 et

409 3803 641 3867 solute
685 3804 778 3866 ab
822 3802 1013 3867 omni
1064 3803 1362 3868 seruicio
1407 3818 1473 3869 et
1519 3804 1915 3879 exaccione,
1968 3815 2258 3886 excepto
2306 3824 2389 3868 eo
2434 3804 2621 3886 quod

413 3901 656 3986 prefati
711 3900 1047 3967 Canonici
1105 3904 1383 3968 soluent
1433 3904 1798 3967 annuatim
1866 3902 2073 3968 michi
2131 3916 2199 3967 et
2255 3903 2625 3969 heredibus

415 4002 590 4067 meis
679 4001 766 4065 ad
860 4002 1106 4066 festum
1202 4004 1438 4067 Sancti
1539 4002 1821 4067 Martini
1916 4024 2039 4067 sex
2130 4002 2453 4068 denarios
2537 4005 2622 4069 ad

412 4102 868 4185 quietandum
928 4101 1345 4166 forinsecum
1396 4104 1793 4168 seruicium.
1926 4102 2067 4167 Ista
2116 4102 2419 4186 predicta
2466 4126 2623 4169 cum

410 4202 846 4266 aisiamentis
881 4202 948 4263 in
997 4202 1393 4265 introitibus
1439 4216 1506 4266 et
1552 4204 1875 4279 exitibus,
1920 4204 1984 4266 in
2040 4204 2170 4268 viis
2218 4218 2285 4268 et
2330 4206 2619 4285 semitis,

410 4322 550 4386 ego
599 4315 666 4366 et
715 4300 1003 4366 heredes
1052 4301 1184 4365 mei
1241 4301 1394 4366 Deo
1441 4314 1508 4366 et
1557 4306 1757 4369 beato
1810 4302 2140 4368 Wilfrido
2187 4318 2254 4370 et
2303 4306 2627 4387 predictis

413 4400 792 4466 Canonicis
852 4402 1174 4466 dedimus
1236 4416 1302 4466 et
1376 4405 1874 4480 concessimus,
1944 4416 2009 4468 et
2081 4420 2321 4469 contra
2380 4426 2627 4472 omnes

412 4501 1082 4587 guarantizabimus.
1185 4502 1348 4587 Hijs
1380 4503 1695 4583 testibuS,
1733 4519 1859 4569 etc.

2746 2028 2958 2089 Nvuby.
