3217 5117
1139 423 1327 489 Acrs
1376 439 1468 488 OF
1514 423 1874 489 CHAPTER.
2493 438 2620 507 257

396 601 713 678 celebret,
787 601 1106 667 videlicet
1178 603 1421 668 diebus
1492 603 1842 669 :ferialibus
1912 604 2154 669 missas
2223 603 2308 668 de
2378 602 2620 686 officijs
2707 623 2904 672 Duties
2929 623 2990 672 of

396 711 826 772 mortuorum
880 707 989 771 vel
1045 707 1131 771 de
1186 707 1375 792 ferijs
1430 713 1553 773 aut
1611 707 1804 772 festis
1859 709 1929 774 in
1985 707 2376 775 huiusmodi
2432 707 2621 791 ferijs
2705 690 2991 755 Chaplain.

394 811 953 896 contingentibus
1001 813 1105 900 (87
1144 812 1263 895 v,),
1298 819 1368 876 et
1400 813 1469 877 in
1505 812 1866 877 dominicis
1908 820 1978 879 et
2021 814 2090 878 in
2135 813 2327 878 festis
2367 831 2620 878 nouem

392 915 771 981 leccionum
814 937 895 982 ac
933 917 1125 982 festis
1166 917 1561 982 solennibus
1592 923 1663 981 et
1704 917 2195 1003 principalibus
2233 917 2621 1002 duplicibus

394 1019 635 1084 missas
696 1020 781 1084 de
843 1021 1235 1087 huiusmodi
1299 1020 1660 1086 dominicis
1721 1042 1804 1086 ac
1865 1021 2019 1105 alijs
2078 1020 2362 1107 singulis
2423 1021 2618 1086 festis

393 1124 806 1208 supradictis
834 1132 1041 1211 prout
1070 1127 1139 1191 in
1169 1125 1452 1191 ecclesia
1481 1126 1854 1211 parochiali
1886 1127 1972 1191 de
2000 1126 2211 1192 Wath
2239 1125 2613 1210 supradict.

392 1229 717 1295 celebrari
806 1230 1107 1306 deberet,
1209 1231 1499 1296 dicendo
1596 1231 1879 1316 singulis
1976 1231 2218 1296 diebus
2303 1230 2616 1316 qualibet

392 1333 784 1399 huiusmodi
824 1335 1033 1400 missa
1073 1356 1197 1419 pro
1238 1335 1603 1401 animabus
1635 1335 2068 1420 supradicti&
2105 1337 2458 1401 oraciones
2491 1355 2616 1419 pro

390 1436 735 1503 defunctis
816 1439 1202 1523 specialiter
1283 1440 1660 1514 ordinatas,
1745 1439 2070 1524 dicatque
2152 1440 2404 1505 cotidie
2487 1459 2613 1523 pro

390 1542 645 1607 eisdem
686 1543 1051 1609 animabus
1089 1545 1418 1629 obsequia
1458 1550 1912 1620 mortuorum,
1955 1543 2274 1609 videlicet
2317 1543 2610 1608 Placebo
2629 1563 2891 1634 Pinnem,
2912 1568 3036 1621 etc„

389 1653 459 1710 et
486 1646 718 1732 Dirige
746 1649 1024 1713 tractim
1052 1655 1121 1713 et
1148 1649 1421 1723 deuote,
1445 1647 1573 1713 nisi
1598 1648 1773 1713 forte
1796 1648 2028 1734 aliqua
2046 1669 2256 1714 causa
2280 1649 2606 1734 legitima,
2696 1631 2980 1745 nffirlr‘i'egf

387 1753 817 1818 cessantibus
872 1752 1133 1829 fraude,
1191 1753 1371 1829 dolo,
1430 1759 1500 1817 et
1556 1751 1838 1818 ficcione
1891 1753 2170 1838 grauius
2224 1752 2431 1819 fuerit
2485 1755 2610 1819 im·

389 1857 685 1940 peditus,
749 1858 1074 1943 quodque
1136 1857 1317 1923 idem
1381 1857 1621 1941 Joh’es
1682 1857 1766 1922 de
1827 1858 2128 1922 Threske
2190 1863 2260 1923 et
2319 1859 2610 1944 quilibet

388 1981 553 2026 suus
606 1983 955 2027 successor
1007 1963 1191 2027 dicte
1247 1961 1571 2031 Cantarie
1629 1962 2038 2046 Capellanus
2093 1968 2465 2047 postquam
2523 1963 2613 2028 ad

388 2067 679 2131 eandem
720 2065 1117 2132 Cantariam
1162 2067 1368 2132 fuerit
1412 2066 1754 2131 admissus
1795 2073 1865 2131 et
1908 2067 2208 2152 legitime
2250 2067 2614 2133 institutus

387 2178 459 2234 et
507 2170 835 2236 inductus
882 2172 951 2236 in
1001 2172 1243 2237 eadem
1294 2191 1498 2256 super
1546 2171 1838 2236 eandem
1886 2170 2283 2236 Cantariam
2333 2173 2614 2238 omnino

386 2276 838 2360 personaliter
887 2275 1203 2342 resideat.
1301 2276 1393 2340 Et
1443 2276 1500 2339 si
1553 2276 1801 2361 aliquis
1851 2275 2242 2341 huiusmodi
2295 2276 2614 2342 Cantarie
2683 2282 2736 2332 If
2760 2282 2991 2359 wiltqny

387 2379 797 2464 Capellanus
830 2381 918 2445 ab
950 2379 1344 2445 huiusmodi
1377 2379 1716 2464 personali
1752 2379 2124 2446 residencia
2154 2381 2614 2465 quouismodo
2691 2350 2987 2469 affffissffl'g

386 2490 535 2549 arte
585 2485 693 2549 vel
747 2485 1019 2570 ingenio
1068 2485 1139 2549 in
1191 2485 1505 2550 futurum
1556 2485 1946 2549 voluntarie
1995 2505 2067 2548 se
2117 2486 2609 2561 absentauerit,
2687 2483 2755 2531 he
2781 2483 3008 2598 meygw

386 2609 507 2674 per
548 2589 975 2654 ordinarium
1016 2589 1146 2654 loci
1189 2589 1478 2673 predicti
1522 2595 2004 2654 ammoneatur
2043 2596 2114 2653 et
2155 2591 2486 2675 priuetur‚
2533 2611 2613 2656 ac
2696 2551 2924 2614 deprive
2969 2586 2979 2596 ⁰

387 2699 736 2760 ammotus
767 2699 836 2758 et
866 2695 1185 2779 priuatus
1217 2696 1306 2758 ab
1338 2695 1487 2778 ipsa
1518 2693 1844 2759 Cantaria
1875 2695 2024 2778 ipso
2055 2695 2244 2760 facto
2275 2695 2616 2760 habeatur

386 2799 516 2862 nisi
550 2798 728 2863 forte
759 2798 939 2863 circa
970 2799 1523 2883 prosecucionem
1556 2817 1760 2863 cause
1792 2800 2166 2864 necessarie
2195 2819 2316 2864 seu
2347 2799 2606 2884 negocij

386 2903 677 2967 eandem
719 2901 1039 2968 Cantarie
1077 2902 1550 2967 concernentis
1591 2903 1756 2967 alibi
1797 2903 2004 2968 fuerit
2045 2909 2444 2987 occupatuS‚
2490 2909 2613 2968 aut

386 3007 521 3072 alia
556 3027 767 3073 causa
804 3007 1074 3073 notoria
1114 3007 1511 3072 racionabili
1549 3013 1619 3072 et
1656 3007 2037 3072 necessaria
2072 3009 2540 3093 perturbatus,

559 3138 916 3205 Volumus
944 3141 1171 3205 eciam
1215 3137 1404 3222 quod
1440 3137 1497 3202 si
1532 3137 1883 3223 predictus
1919 3137 2154 3221 Joh'es
2191 3137 2276 3202 de
2310 3137 2612 3202 Threske
2639 3138 2691 3186 rt
2731 3137 3040 3202 physicany

385 3242 495 3306 vel
521 3242 697 3306 alius
720 3262 884 3306 suus
908 3261 1256 3307 successor
1278 3242 1698 3327 quicumque
1725 3242 1794 3306 in
1821 3241 2266 3326 Capellanum
2291 3241 2611 3306 Cantarie
2693 3205 2986 3328 ἓὲἶξζίξὲ

384 3347 693 3431 predicte
730 3347 1179 3430 imposterum
1217 3346 1672 3432 perficiendus
1708 3352 1993 3431 propter
2028 3347 2450 3412 infirmitatis
2485 3353 2608 3412 aut

383 3452 554 3516 senii
632 3450 1063 3516 debilitatem
1140 3471 1260 3516 seu
1338 3451 1544 3516 aliam
1624 3451 2114 3536 impotenciam
2189 3452 2425 3518 subito
2500 3452 2610 3516 vel

383 3555 797 3621 naturaliter
828 3555 1345 3641 contingentem
1378 3555 1721 3621 celebrare
1755 3562 2079 3641 nequeat,
2117 3563 2240 3622 aut
2273 3557 2329 3620 si
2365 3557 2612 3642 aliquis

384 3659 781 3726 huiusmodi
825 3659 1234 3744 Capellanus
1278 3681 1399 3746 per
1444 3660 1781 3726 inuidiam
1822 3661 2027 3726 fuerit
2062 3661 2456 3737 indicatuS,¹
2491 3681 2611 3726 seu
2707 3679 2770 3715 or
2797 3667 2971 3743 und-er

384 3785 823 3851 quacumque
872 3766 1005 3830 alia
1050 3787 1260 3832 causa
1305 3766 1437 3831 nisi
1486 3766 1693 3831 fuerit
1739 3787 1950 3831 causa
1997 3765 2244 3850 felonie
2290 3767 2609 3832 carcerali
2673 3738 3010 3850 aqzffiatszqn,

384 3870 697 3935 custodie
743 3871 1199 3954 mancipatuS,
1252 3855 1365 3936 Ita
1406 3870 1595 3956 quod
1641 3868 1864 3935 eidem
1909 3869 2230 3935 Cantarie
2285 3891 2610 3955 persona-
2732 3867 2935 3928 ¹³¹0&-

384 3974 541 4039 liter
601 3974 940 4039 deseruire
1000 3995 1139 4040 non
1200 3975 1457 4059 poterit
1518 3995 1643 4058 pro
1704 3979 2013 4058 ternpore
2071 3993 2212 4058 quo
2267 3973 2509 4040 taliter
2569 3997 2610 4040 a

385 4079 849 4143 celebracione
938 4078 1331 4143 diuinorum
1421 4078 1491 4143 in
1581 4077 1862 4163 Capella
1952 4077 2264 4162 predicta
2351 4098 2614 4144 cessare

384 4183 840 4268 compellitur,
882 4183 1316 4248 oracionibus
1352 4182 1603 4267 quibus
1654 4182 1910 4268 poterit
1948 4182 2274 4248 deuocius
2314 4183 2609 4259 insistat,

388 4293 458 4353 et
502 4288 587 4353 de
620 4287 897 4353 redditu
928 4288 1237 4373 predicto
1268 4287 1466 4352 viuat
1498 4286 1666 4390 dum
1711 4288 2160 4358 humanitus-2
2203 4286 2288 4351 de
2332 4307 2414 4351 eo
2455 4307 2615 4353 con·

487 4391 614 4398 .—.---
635 4390 856 4396 ———-——-
893 4390 1008 4396 --ὼ
1023 4390 1136 4396 ———

531 4431 547 4454 ¹
588 4429 855 4484 Accused‚
884 4441 975 4475 see
1004 4427 1267 4490 Ducange
1292 4443 1303 4485 ;
1344 4425 1601 4490 literally,
1636 4433 1666 4450 ‘¹
1689 4426 1922 4490 pointed
1950 4427 2068 4476 at.”

530 4527 551 4549 ²
586 4519 749 4568 After
777 4521 872 4568 the
898 4533 1131 4568 manner
1157 4517 1216 4567 ot
1240 4533 1386 4568 men.

749 4613 822 4682 17
