3217 5117
1165 449 1352 514 Acrs
1399 465 1490 514 OF
1536 448 1895 514 CHAPTER.
2514 447 2642 530 285

425 629 807 695 maiestatis
842 637 1070 694 vestre
1107 629 1476 704 oraciones,
1516 649 1772 712 preceS,
1812 635 1882 694 et
1919 629 2245 714 suffragia
2281 629 2352 693 in
2389 629 2645 693 Eccl’ia

423 734 796 820 Collegiata
849 742 1086 799 nostra
1148 733 1460 818 predicta
1514 733 1657 797 fieri
1710 739 1778 798 et
1835 734 2095 798 effundi
2156 734 2642 818 excogitemuS,

423 840 673 924 quibus
736 845 1042 904 vestram
1107 839 1554 903 deuocionem
1623 839 2022 903 oracionum
2087 838 2432 923 suffragijs
2496 838 2645 903 reli-

423 944 703 1029 giosam,
739 943 1005 1008 firmam
1036 964 1228 1028 spem
1260 951 1328 1007 et
1363 943 1709 1018 fiduciam,
1744 963 1880 1008 non
1914 943 2219 1008 minuere
2248 943 2365 1007 sed
2398 963 2644 1027 augere

424 1049 659 1133 pocius
695 1067 1117 1114 censeamur.

601 1225 743 1290 Nos
792 1227 1002 1312 igitur
1050 1225 1491 1312 magistatem
1544 1231 1847 1290 vestram
1898 1224 2451 1301 sacratissimam,
2505 1246 2640 1310 que
2723 1223 2822 1272 We
2848 1227 3011 1300 grant

421 1351 547 1396 nos
616 1337 685 1394 et
754 1331 1106 1395 ecclesiam
1177 1334 1496 1412 nostram„
1555 1330 1937 1414 predictam
2006 1351 2273 1415 semper
2338 1330 2640 1415 graciose
2686 1304 3042 1406 ἶῖᾞᾞὲὲῗὶῗ

423 1434 671 1500 intueri
747 1435 1070 1521 dignatus
1145 1439 1269 1508 est,
1349 1441 1511 1498 ante
1588 1435 1821 1498 oculos
1896 1435 2251 1511 habentes,
2330 1434 2638 1499 omnium
2726 1424 3008 1539 ῑῑὲῒξὲἒξςῑῑῐ

419 1539 803 1614 missarum,
851 1540 1270 1614 oracionum,
1317 1538 1747 1614 ieiuniorum,
1796 1539 2203 1624 vigiliarum,
2252 1539 2639 1623 disciplina·
2665 1521 2907 1621 prayssrs,
2930 1529 3062 1614 ἕω,

421 1664 594 1720 rum,
640 1643 1244 1720 abstinenciarum,
1291 1642 1835 1718 elemosinarum,
1881 1649 1952 1706 et
1992 1643 2307 1707 laborum
2348 1649 2637 1708 ceteror-

420 1769 709 1834 rumque
771 1750 1109 1813 bonorum
1173 1767 1459 1832 operum
1521 1768 1657 1833 que
1720 1767 1842 1832 per
1904 1768 2027 1812 nos
2090 1752 2158 1811 et
2221 1768 2637 1813 successores

419 1860 709 1930 nostrOS,
798 1859 1194 1938 ceterosque
1280 1853 1662 1918 Canonicos
1748 1853 2127 1917 confratres
2212 1858 2482 1918 nostros
2567 1859 2635 1918 et

419 1959 766 2024 ministros
807 1959 876 2022 in
920 1958 1173 2022 Eccl’ia
1214 1959 1362 2022 n'ra
1404 1957 1568 2022 Coll.
1616 1957 1927 2042 predicta
1967 1957 2288 2042 imperari
2329 1964 2452 2022 aut
2494 1958 2637 2022 fieri

418 2062 786 2128 clemencia
842 2062 1238 2138 SaluatoriS‚
1298 2067 1446 2126 tam
1502 2061 1572 2125 in
1630 2061 1780 2125 vita
1835 2081 2045 2146 quam
2104 2067 2261 2145 post
2317 2067 2633 2138 mortem,

419 2169 970 2233 communionem
1023 2173 1092 2232 et
1145 2166 1753 2251 participacionem
1807 2171 2235 2250 perpetuam,
2291 2172 2635 2251 quantum

419 2291 577 2336 cum
629 2271 776 2336 Deo
829 2291 1211 2356 possumuS‚
1268 2270 1625 2335 deuocioni
1679 2276 1905 2335 vestre
1960 2270 2425 2355 Xpianissime
2476 2292 2635 2336 con-

421 2375 724 2441 cedimus
775 2382 845 2441 et
893 2395 1016 2461 per
1064 2381 1412 2460 presentes
1462 2375 1846 2460 elargimur,
1901 2375 2306 2459 adijcientes
2356 2377 2635 2441 nichilo-

420 2481 647 2544 minus
675 2485 744 2544 et
774 2480 1087 2563 ampliori
1115 2499 1248 2564 que
1277 2479 1586 2544 valemus
1614 2479 1997 2564 graciarum
2028 2479 2302 2544 accione
2332 2479 2633 2565 benigni-

420 2589 639 2649 tatem
674 2591 977 2650 vestram
1010 2584 1509 2649 serenissimam
1543 2584 1992 2668 spiritualiter
2025 2588 2514 2668 prosequentes
2548 2604 2631 2648 ex
2732 2648 2841 2696 and
2872 2648 2997 2697 that

419 2689 728 2754 vnanimi
751 2710 1083 2755 consensu
1107 2689 1563 2754 concessimus
1586 2693 1655 2752 et
1681 2707 1802 2771 per
1823 2695 2174 2771 presentes
2198 2690 2634 2756 concedimus
2734 2719 2795 2762 at
2822 2729 2989 2778 every

417 2794 606 2879 quod
641 2795 710 2859 in
745 2795 1054 2878 qualibet
1089 2794 1447 2878 principali
1483 2793 1689 2857 missa
1726 2792 1815 2856 ad
1850 2793 2073 2857 maius
2105 2794 2251 2858 siue
2284 2815 2633 2861 summum
2679 2781 3037 2897 mggssnff'tasse

419 2900 634 2964 altare
682 2899 929 2964 Eccl’ie
974 2900 1117 2964 n’re
1163 2899 1407 2983 Colleg.
1458 2897 1763 2982 predicte
1809 2917 1929 2980 per
1972 2898 2273 2983 aliquem
2318 2905 2631 2965 nostrum
2713 2889 2839 2976 hig'h
2868 2917 3013 2964 altar

419 3005 530 3069 vel
629 3024 1093 3069 successorum
1194 3011 1586 3068 nostrorum
1690 3010 1812 3066 aut
1914 3003 2125 3067 alium
2226 3005 2631 3076 canonicum
2658 2980 3058 3113 ἶῗεῇῃγὶέἳιξῇζι

419 3110 836 3174 confratrem
895 3115 1208 3174 nostrum
1271 3129 1391 3172 seu
1451 3106 1842 3171 ministrum
1912 3126 2393 3191 quemcunque
2464 3109 2632 3173 cele·
2710 3114 2805 3162 the
2832 3102 3042 3192 izing·s'

420 3212 684 3278 branda
744 3213 1090 3278 celebrans
1149 3213 1292 3297 ipse
1348 3211 1743 3298 quicunque
1802 3231 1927 3294 pro
1987 3217 2294 3296 tempore
2352 3212 2633 3297 singulis
2810 3183 2901 3231 ΜΘ·

420 3316 661 3382 diebus
743 3317 1035 3382 durante
1116 3317 1266 3381 vita
1347 3321 1578 3380 vestra
1661 3336 1784 3399 pro
1866 3316 2321 3380 sacratissime
2405 3323 2634 3382 vestre

419 3421 807 3506 magistatis
866 3421 1088 3486 salute
1149 3427 1219 3484 et
1281 3420 1757 3484 incolumitate
1807 3439 2271 3504 prosperoque
2322 3427 2515 3485 statu
2565 3427 2635 3485 et

421 3523 596 3589 felici
636 3545 950 3590 successu
989 3525 1432 3608 solempniter
1472 3531 1541 3588 et
1583 3544 1742 3588 cum
1784 3530 1953 3588 nota
1993 3524 2169 3609 leget
2210 3532 2278 3589 et
2320 3525 2635 3590 cantabit

419 3630 805 3694 oracionem
842 3637 1265 3714 sequentem.

595 3808 982 3894 Quesumus
1020 3797 1476 3892 Omnipotens
1518 3807 1710 3870 Deus
1749 3811 1829 3870 vt
1871 3826 1987 3870 rex
2029 3813 2261 3871 noster
2302 3808 2638 3874 Henricus
2703 3831 2813 3881 this
2838 3830 3041 3894 special

421 3912 788 3997 SeptimuS,
822 3913 941 3997 qui
975 3918 1098 3976 tua
1130 3911 1570 3976 miseracione
1600 3911 1788 3995 regni
1819 3911 2118 3995 suscepit
2150 3912 2636 3996 gubernacula,
2760 3898 2971 3950 ‘³⁰¹¹ect·

418 4017 760 4082 virtutum
803 4017 1137 4101 percipiat
1183 4017 1625 4091 incrementa,
1669 4015 1925 4101 quibus
1967 4014 2289 4080 decenter
2330 4024 2637 4095 ornatuS‚

417 4120 752 4186 viciorum
846 4121 1245 4206 voraginem
1340 4120 1673 4196 deuitare,
1770 4120 2071 4203 corporis
2165 4121 2641 4187 incolumitate

416 4224 734 4310 gaudere,
789 4226 1021 4290 hostes
1075 4244 1415 4309 superare,
1469 4230 1540 4288 et
1591 4224 1661 4288 in
1712 4223 2085 4308 tranquilla
2135 4245 2302 4309 pace
2353 4226 2519 4290 dum
2570 4227 2639 4292 in

418 4329 736 4394 humanis
831 4334 988 4414 aget
1081 4329 1326 4404 vitam,
1425 4327 1713 4393 feliciter
1803 4328 2019 4412 possit
2110 4349 2236 4394 sua
2329 4336 2641 4415 tempora

417 4432 854 4517 pertransire,
898 4437 1000 4509 vt,
1043 4439 1203 4517 post
1244 4431 1447 4496 huius
1487 4432 1632 4497 vite
1675 4432 2057 4509 decursum,
2102 4434 2191 4497 ad
2234 4438 2303 4497 te
2341 4434 2460 4517 qui
2502 4435 2637 4511 via,

417 4537 693 4615 veritaS,
743 4545 814 4602 et
860 4538 1010 4603 vita
1056 4558 1148 4612 ες,
1197 4536 1541 4624 graciosus
1587 4536 1820 4602 valeat
1865 4537 2239 4621 peruenire,
