3217 5117
1106 476 1301 539 Acrs
1350 493 1444 539 oF
1492 473 1872 541 CHAPTER.
2515 486 2596 551 35

386 652 597 716 Elene
672 652 869 715 vxori
948 650 1168 736 Joh’is
1235 650 1323 715 de
1405 651 1708 734 Dreng‚!1
1802 650 1922 735 [Et
2000 661 2156 733 post
2229 648 2592 713 decessum

377 752 753 816 eorundem
818 751 911 815 do
964 764 1031 816 et
1091 752 1254 835 lego
1317 749 1573 815 fabrice
1635 750 1924 815 ecclesie
1989 748 2298 833 Rypon'‚
2419 748 2589 811 Item

378 850 629 916 fabrice
682 852 915 934 pontis
969 850 1055 915 de
1116 850 1390 934 Hewyk
1444 848 1550 933 ijs.
1676 849 1846 914 Item
1905 848 2160 913 fabrice
2220 847 2454 931 pontis
2505 846 2592 911 de

380 950 771 1035 Bishopton
825 948 930 1034 ijs.
1063 949 1233 1013 Item
1287 949 1509 1013 Alicie
1556 948 1752 1013 vxori
1801 948 2022 1033 Joh'is
2054 988 2138 996 —-
2190 948 2358 1013 Item
2408 946 2588 1031 Joh’i

376 1050 616 1115 Schot'
681 1050 767 1115 de
850 1049 1123 1133 Hewyk
1169 1070 1311 1113 ——s.
1436 1049 1605 1112 Item
1665 1050 1824 1133 lego
1876 1048 2056 1133 Joh’i
2115 1047 2262 1112 filio
2316 1047 2590 1111 Thome

374 1149 615 1215 Carter
663 1148 795 1234 iijs.
899 1150 1069 1213 Item
1126 1187 1328 1196 --
1381 1148 1605 1213 Alicie
1663 1148 1857 1212 vxori
1914 1169 2041 1212 sue
2093 1147 2274 1232 xiijs.
2332 1144 2586 1231 iiijd.]¹

371 1264 438 1313 et
494 1250 715 1314 Elene
766 1249 960 1313 vxori
1010 1268 1135 1312 sue
1182 1246 1363 1332 xiijs.
1422 1246 1589 1331 iiijd.
1649 1246 1839 1332 proj
1888 1268 2048 1312 arca
2093 1248 2180 1312 de
2229 1246 2580 1311 Flandria.

374 1350 545 1415 Item
586 1352 751 1434 lego
782 1372 825 1410 v
874 1350 1086 1414 lectos
1132 1346 1658 1412 distribuendos
1710 1348 2132 1431 pauperibus
2182 1368 2305 1430 pro
2351 1347 2587 1410 anima

373 1470 547 1513 mea.
685 1449 854 1513 Item
920 1449 1083 1532 lego
1160 1447 1415 1511 fabrice
1482 1448 1892 1531 Esgatbryg
1953 1446 2060 1532 ijs,
2193 1446 2584 1513 Residuum

372 1570 540 1613 vero
592 1552 940 1613 bonorum
1000 1568 1311 1612 meorum
1370 1546 1926 1629 supradictorum
1990 1567 2126 1610 non
2195 1548 2584 1631 legatorum

372 1648 463 1713 do
494 1661 563 1713 et
596 1650 759 1733 lego
789 1648 970 1732 Joh’i
1008 1646 1241 1712 Grene
1272 1658 1339 1710 et
1372 1645 1596 1710 Alicie
1632 1645 1771 1709 filie
1822 1668 1971 1711 mee
2018 1658 2092 1710 vt
2135 1666 2291 1711 cum
2342 1647 2585 1711 eodem

374 1748 654 1812 residuo
701 1747 959 1812 faciant
999 1746 1244 1810 diuina
1274 1746 1603 1809 celebrari
1653 1766 1777 1828 pro
1824 1746 2059 1808 anima
2106 1759 2173 1809 et
2217 1746 2590 1811 animabus

370 1849 691 1913 omnium
749 1846 1057 1911 fidelium
1116 1845 1651 1920 defunctorum3
1714 1856 1778 1909 et
1839 1845 1926 1908 ad
1984 1845 2222 1908 omnia
2286 1844 2590 1928 predicta

372 1948 607 2031 legata
654 1946 947 2010 fideliter
992 1944 1331 2021 facienda,
1375 1942 1719 2027 predictos
1750 1943 2142 2028 Johannem
2189 1957 2256 2009 et
2287 1944 2586 2009 Aliciam

372 2046 552 2111 facio
621 2059 688 2110 et
748 2045 1098 2109 constituo
1160 2056 1561 2108 executores
1628 2064 1820 2107 meos
1883 2056 1954 2107 vt
2019 2044 2148 2127 ipsi
2211 2045 2592 2127 disponant

375 2168 501 2230 pro
561 2146 803 2209 anima
866 2166 1017 2209 mea
1081 2165 1207 2228 pro
1262 2157 1333 2208 vt
1397 2144 1646 2207 melius
1709 2144 2007 2209 viderint
2051 2144 2398 2228 expedire.
2508 2144 2586 2207 In

374 2246 576 2312 cuius
628 2246 720 2310 rei
772 2244 1245 2309 testimonium
1294 2244 1456 2308 huic
1491 2244 1790 2327 presenti
1828 2256 2240 2309 testamento
2271 2244 2587 2329 sigillum

380 2367 611 2411 meum
690 2345 1011 2429 apposui.
1167 2343 1325 2406 Dat.
1409 2344 1595 2426 apud
1685 2342 1991 2428 Rypon'‚
2075 2343 2186 2407 die
2262 2356 2328 2407 et
2401 2364 2592 2407 anno

378 2445 821 2529 supradictis,

381 2624 455 2688 14
481 2627 547 2671 v.
822 2608 962 2687 (38)
1014 2606 1129 2668 Dr:
1177 2603 1521 2669 CAPELLA
1572 2623 1668 2668 m:
1718 2605 2128 2671 crurum)

555 2742 912 2808 Omnibus
988 2745 1104 2827 xpi
1176 2739 1499 2806 fidelibus
1575 2741 1662 2805 ad
1741 2762 1920 2824 quos
1985 2755 2338 2825 presentes
2401 2742 2594 2807 litere
2627 2749 2936 2813 ¹35¹»Sept·
2966 2765 3022 2812 ι9

380 2842 736 2908 indentate
765 2846 1225 2926 peruenerint‚
1258 2844 1658 2928 Capitulum
1688 2846 1851 2909 eccl.
1879 2845 2246 2929 collegiate
2279 2845 2585 2929 Rypon'‚

378 2940 676 3007 salutem
716 2943 781 3005 in
818 2942 1003 3007 D'no
1028 2945 1547 3027 sempiternam.
1626 2944 1980 3010 Noueritis
2007 2966 2134 3009 nos
2161 2946 2590 3011 concessisse

372 3042 553 3127 Joh'i
582 3042 669 3107 de
695 3042 1003 3107 Cluther'
1029 3044 1194 3109 d’no
1219 3046 1303 3109 de
1330 3046 1595 3122 eadem,
1630 3058 1696 3108 et
1728 3045 2101 3110 heredibus
2132 3047 2301 3123 suis,
2336 3045 2590 3111 habere

372 3142 753 3224 quamdam
804 3144 1179 3207 cantariam
1234 3144 1410 3209 infra
1462 3145 1802 3228 capellam
1860 3165 2058 3210 suam
2116 3146 2203 3210 de
2251 3145 2582 3224 Cluther'‚

368 3256 435 3306 et
520 3262 740 3306 vnum
828 3243 1267 3325 capellanum
1362 3245 1778 3310 seruientem
1876 3245 2155 3322 ibidem,
2238 3247 2440 3311 saluo
2519 3246 2585 3309 in

368 3342 703 3407 omnibus
731 3342 877 3406 iure
901 3342 1081 3407 dicte
1105 3344 1393 3409 ecclesie
1423 3358 1654 3409 nostre
1680 3347 1813 3409 sub
1841 3346 1969 3410 hac
1995 3345 2239 3423 forma,
2270 3345 2590 3409 videlicet

369 3442 558 3526 quod
598 3442 947 3525 predictus
976 3441 1212 3527 Joh’es
1244 3457 1311 3508 et
1344 3444 1632 3509 heredes
1679 3446 1786 3509 sui
1840 3446 2338 3528 presentabunt
2386 3444 2589 3509 nobis

366 3542 629 3606 dictum
667 3542 1107 3625 capellanum
1145 3557 1521 3627 antequam
1561 3544 1628 3607 in
1671 3544 1853 3608 dicta
1900 3545 2169 3627 capella
2219 3544 2580 3609 ministret.

366 3641 643 3726 Jurabit
688 3642 906 3706 eciam
960 3643 1138 3707 idem
1190 3645 1595 3727 capellanus
1643 3643 1728 3708 de
1781 3644 2240 3727 Idempnitate
2287 3644 2591 3709 oblacio-

375 3762 541 3804 num
580 3755 649 3807 et
681 3742 999 3807 omnium
1039 3742 1533 3808 beneficiorum
1568 3765 1705 3827 que
1735 3744 2124 3827 antiquitus
2155 3757 2222 3808 et
2266 3743 2352 3808 de
2403 3764 2588 3808 nouo

370 3842 456 3906 ad
508 3842 872 3906 ecclesiam
927 3856 1233 3907 nostram
1288 3843 1662 3927 predictam
1716 3843 2055 3927 pertinere
2101 3843 2581 3919 dinoscuntur,

372 3954 439 4005 et
483 3940 674 4024 quod
722 3940 948 4006 dictus
995 3941 1399 4025 capellanus
1447 3941 1674 4007 fidelis
1728 3956 1794 4006 et
1848 3942 2180 4007 obediens
2236 3942 2364 4007 erit
2416 3943 2578 4006 eccl.

376 4055 609 4105 nostre
644 4040 945 4124 predicte
977 4054 1043 4105 et
1075 4040 1402 4125 Capitulo
1449 4057 1514 4106 et
1548 4042 1908 4108 Canonico
1954 4055 2021 4106 et
2066 4042 2588 4107 successoribus

374 4142 521 4206 suis
553 4141 640 4205 ad
677 4142 877 4206 cuius
920 4141 1340 4224 prebendam
1393 4142 1725 4225 parochia
1772 4142 1891 4206 illa
1941 4142 2253 4225 pertinet,
2297 4162 2422 4205 nec
2467 4162 2589 4206 eos

378 4242 443 4304 in
478 4241 723 4325 aliquo
755 4240 944 4323 quod
979 4253 1241 4324 spectet
1269 4241 1357 4305 ad
1395 4241 1503 4306 ius
1546 4242 1849 4307 matricis
1896 4241 2182 4306 ecclesie
2229 4240 2592 4305 defrauda-

382 4342 501 4405 bit.
616 4340 980 4405 Predictus
1028 4362 1191 4406 vero
1236 4340 1470 4426 Joh'es
1517 4354 1583 4406 et
1630 4341 1918 4407 heredes
1964 4341 2072 4405 sui
2121 4362 2277 4406 cum
2329 4338 2592 4404 familia

516 4496 528 4519 ¹
570 4492 629 4539 In
655 4508 687 4540 a
714 4490 965 4540 different
992 4493 1135 4540 hand
1161 4500 1219 4540 at
1243 4493 1335 4541 the
1361 4492 1470 4541 foot
1500 4492 1563 4541 of
1590 4492 1683 4540 the
1709 4506 1872 4555 page,
1903 4492 2028 4539 with
2057 4490 2076 4554 ΙΙ
2106 4490 2191 4539 for
2217 4508 2251 4540 a
2288 4490 2590 4540 reference-

388 4570 559 4619 mark.
