3217 5117
1284 406 1746 474 CARTULARY.
2542 424 2625 494 95

386 607 557 651 cum
619 607 801 652 omn.
868 594 1041 672 pert.
1091 607 1143 652 S.
1202 587 1272 653 in
1334 587 1763 672 longitudine
1825 594 1894 652 et
1954 588 2346 664 latitudine,
2412 586 2625 653 Alicie

388 690 611 755 sorori
658 712 827 765 mee,
880 699 1019 756 ten.
1072 698 1158 768 et,
1191 693 1350 756 hab.
1404 691 1497 755 illi
1547 698 1616 755 et
1667 691 1804 756 her.
1857 712 1908 756 s,
1960 693 2070 756 vel
2118 692 2228 757 cui
2263 693 2622 777 assignare

390 795 713 870 voluerit,
747 796 814 860 li.
850 796 989 880 qui.
1027 804 1096 859 et
1129 795 1431 879 pacifice,
1466 795 1654 861 redd.
1693 796 1849 861 inde
1882 797 2244 861 annuatim
2277 796 2622 861 Canonico

392 899 609 964 eiusd.
667 900 1011 983 prebende
1062 920 1197 984 que
1251 900 1381 965 fuit
1435 901 1615 965 bone
1666 900 1990 965 memorie
2043 901 2280 986 Mag'ri
2335 901 2484 965 Ade
2535 900 2620 965 de

394 1003 750 1088 Melsenby
800 1010 869 1069 et
919 1024 1097 1069 succ.
1152 1025 1202 1068 s.
1258 1010 1397 1068 tres
1445 1003 1599 1069 den.
1656 1024 1779 1087 pro
1829 1025 2011 1069 omn.
2065 1026 2239 1069 serv,
2293 1011 2362 1069 et
2414 1005 2617 1077 dem..

390 1107 575 1171 med.
626 1107 792 1172 dicti
838 1107 1000 1172 tosti
1044 1108 1627 1193 contingentibuS‚
1671 1108 1894 1206 videl}
1941 1109 2119 1173 med.
2170 1109 2259 1173 ad
2306 1109 2501 1174 Pent.
2550 1115 2619 1174 et

393 1211 577 1276 med.
618 1212 707 1276 ad
745 1212 791 1277 s.
834 1212 899 1277 S.
942 1212 1030 1277 M.
1073 1219 1141 1277 et
1178 1219 1256 1277 vt
1296 1213 1361 1277 h.
1403 1233 1557 1277 mea
1595 1212 1885 1277 donacio
1922 1219 2076 1277 rata
2112 1219 2181 1278 et
2220 1214 2622 1278 inconcussa

394 1322 801 1398 permaneat
842 1316 911 1381 in
952 1336 1165 1400 perp„
1209 1336 1309 1401 pr.
1352 1336 1477 1381 ser.
1521 1316 1643 1401 sig.
1687 1337 1776 1381 m.
1820 1316 2239 1400 inpressione
2279 1318 2620 1382 roboraui.

400 1418 487 1484 H.
532 1426 582 1484 t.
626 1420 886 1503 Mag'ro
923 1420 1126 1503 Joh'e
1165 1420 1503 1495 RomanO,
1545 1426 1655 1484 etc.

1176 1574 1352 1655 (152)
1408 1574 1520 1638 DE
1566 1590 1846 1639 EODEM.

574 1702 718 1768 The
772 1722 961 1768 same
1016 1724 1091 1768 as
1146 1703 1273 1769 No,
1330 1718 1476 1785 151,
1522 1704 1649 1769 but
1699 1704 1804 1768 for
1851 1704 1892 1730 “
1923 1726 2080 1769 cum
2127 1704 2368 1769 maiori
2416 1706 2624 1769 domo
2737 1704 2959 1769 Rypon.

396 1808 623 1881 mea.”
674 1806 802 1873 No,
859 1822 981 1889 152
1045 1809 1169 1873 has
1233 1808 1273 1833 “
1303 1829 1462 1873 cum
1510 1810 1754 1873 minori
1805 1809 2012 1874 domo
2059 1810 2282 1885 mea,'’
2334 1809 2471 1875 and
2520 1810 2626 1874 for

398 1912 439 1937 ‘⁴
474 1912 685 1976 Alicie
724 1913 936 1977 sorori
976 1912 1193 1987 mee,’'
1238 1913 1278 1938 ‘⁸
1311 1912 1656 1977 Gunnilde
1695 1914 1942 1977 sororis
1987 1912 2128 1996 (sic)
2173 1913 2392 1978 mee.''

828 2065 1003 2147 (153)
1059 2064 1169 2129 DE
1219 2081 1495 2129 EODEM.
1598 2065 1895 2147 (Similar
1938 2068 2192 2149 grant).

574 2193 777 2259 Omn.
839 2194 956 2277 xpi
1015 2194 1129 2259 fid.
1192 2214 1291 2278 pr.
1352 2200 1620 2258 cartam
1678 2195 1802 2259 vis,
1865 2195 1972 2259 vel
2032 2195 2190 2260 aud.
2252 2194 2469 2260 Will's
2525 2195 2616 2261 fil.
2646 2208 2692 2244 0·
2721 2196 3046 2257 ¹216-1240·

402 2298 639 2363 Rob’ti
702 2297 793 2363 fil.
842 2298 1163 2381 Auuerey
1216 2319 1312 2363 sa.
1373 2297 1441 2362 in
1507 2298 1711 2363 D'n0.
1808 2298 1984 2364 Nou.
2045 2319 2154 2363 me
2215 2299 2368 2364 ded.
2427 2320 2616 2365 eone.
2735 2288 2956 2353 ΒΥΡΟῙῙ·

401 2410 472 2466 et
509 2402 649 2487 qui.
694 2402 818 2467 cla.
862 2402 948 2467 de
988 2423 1097 2467 me
1137 2409 1206 2467 et
1248 2402 1386 2468 her.
1431 2423 1522 2467 m.
1569 2403 1638 2467 in
1682 2422 1867 2487 perp.
1911 2403 2080 2468 illud
2120 2424 2419 2489 mesuag.
2464 2424 2621 2469 cum

401 2511 574 2590 pert.
622 2507 691 2571 in
742 2505 969 2589 Ripon
1022 2507 1123 2586 (45
1164 2508 1253 2589 v.)
1308 2512 1489 2570 retro
1542 2506 1810 2591 gardini
1854 2506 2044 2591 quod
2092 2506 2388 2573 Rob'tus
2432 2515 2632 2592 pater

401 2631 594 2675 meus
631 2611 875 2685 tenuit,
912 2610 1051 2675 scil.
1091 2610 1175 2675 de
1209 2610 1559 2694 prebenda
1596 2610 1736 2674 d’ni
1777 2610 2018 2676 Rob’ti
2058 2611 2426 2677 Passelewe
2460 2618 2627 2677 tunc

402 2715 709 2780 canonici
757 2714 1030 2799 Ripon',
1068 2714 1328 2778 Rob'to
1361 2714 1445 2778 de
1478 2714 1780 2779 Nunwik
1814 2721 1881 2779 et
1927 2715 2289 2780 heredibus
2331 2716 2474 2780 eius
2517 2716 2626 2781 vel

405 2820 548 2883 eius
599 2819 870 2903 assign„
924 2818 1093 2883 illud
1142 2840 1232 2883 se.
1286 2839 1449 2883 meS.
1497 2819 1685 2903 quod
1711 2830 1730 2859 ¹
1784 2840 1908 2904 ego
1950 2819 2302 2903 quondam
2346 2820 2625 2886 vendidi

406 2929 675 3006 partem
716 2922 974 2987 Rob’to
1012 2922 1263 3005 Sureys
1302 2929 1369 2988 et
1410 2929 1681 3006 partem
1721 2922 1945 2987 dimisi
1987 2923 2076 2987 ad
2116 2923 2408 2999 firmam,
2449 2924 2626 2989 sicut

408 3033 833 3111 protestatur
884 3033 1076 3092 carta
1130 3026 1341 3091 eiusd.
1402 3026 1639 3096 Rob’ti
1697 3026 1947 3110 Sureys
2001 3033 2068 3091 et
2123 3028 2190 3091 in
2245 3029 2624 3112 cirograff0.

406 3131 569 3196 Ten.
619 3137 687 3195 et
735 3133 893 3196 hab.
944 3131 1165 3195 eidem
1215 3131 1473 3195 Rob’to
1520 3130 1605 3195 de
1652 3130 1976 3214 Nunwyk
2023 3138 2091 3196 et
2138 3132 2277 3196 her.
2329 3133 2473 3197 eius
2519 3134 2628 3197 vel

407 3236 549 3300 eius
588 3236 951 3321 assignatis
990 3235 1075 3299 de
1114 3235 1278 3299 d’no
1318 3234 1577 3299 Rob’to
1621 3234 1952 3300 Passelew
1991 3235 2333 3300 Canonico
2375 3236 2624 3319 Ripon'

408 3346 475 3404 et
510 3360 688 3404 succ,
728 3340 873 3404 eius
907 3339 972 3403 li.
1014 3346 1082 3403 et
1118 3340 1257 3423 qui.
1356 3337 1574 3403 Redd.
1616 3338 1774 3403 inde
1810 3339 2172 3403 annuatim
2207 3340 2426 3404 eidem
2463 3340 2625 3405 d'no

409 3444 491 3509 R.
545 3444 617 3508 P.
662 3444 825 3509 Can.
872 3444 1026 3527 Rip.
1070 3449 1139 3507 et
1186 3464 1365 3509 suce.
1408 3443 1551 3507 eius
1598 3442 1843 3528 viginti
1893 3443 2072 3517 den.,
2117 3443 2256 3507 scil.
2307 3444 2484 3509 med.
2536 3445 2625 3509 ad

410 3547 603 3612 Pent.
637 3554 704 3612 et
734 3548 912 3613 med.
946 3548 1035 3612 ad
1064 3548 1109 3611 f.
1144 3548 1207 3611 S.
1242 3547 1329 3611 M.
1363 3548 1431 3611 in
1462 3547 1527 3611 h.
1561 3567 1686 3630 pro
1713 3547 2033 3611 omnibus
2060 3548 2246 3631 pred.
2278 3550 2628 3634 mesuagio

408 3652 932 3736 pertinentibus,
1008 3651 1441 3734 (Warranty).
1515 3651 1609 3716 Vt
1642 3657 1877 3715 autem
1904 3652 1970 3715 h.
1995 3672 2148 3716 mea
2173 3672 2360 3717 conc.
2390 3659 2459 3717 et
2484 3653 2624 3737 qui.

408 3756 737 3821 clamacio
778 3777 819 3820 a
860 3756 1131 3820 nemine
1173 3755 1387 3840 possit
1430 3754 1728 3839 infringi,
1772 3756 1903 3819 hoc
1944 3775 2042 3839 pr.
2087 3776 2212 3820 scr.
2257 3756 2451 3840 sigilli
2495 3758 2626 3821 mei

408 3860 847 3945 apposicione
891 3860 1206 3924 roboraui
1256 3880 1379 3943 pro
1423 3859 1728 3943 quadarn
1773 3879 2044 3924 summa
2089 3860 2372 3943 pecunie
2416 3881 2626 3945 quam
2716 3906 2728 3913 -

408 3965 614 4029 michi
690 3964 901 4029 dedit.
998 3964 1317 4028 Testibus
1394 3963 1654 4046 Mag'ro
1728 3962 1994 4027 Galfrid
2069 3963 2154 4028 de
2229 3963 2487 4029 Larder
2559 3971 2626 4029 et

408 4068 670 4134 ceteris,

546 4208 721 4290 (154)
769 4208 881 4271 DE
924 4224 1199 4271 EODEM.
1300 4206 1545 4290 (Grant
1587 4206 1660 4270 os
1698 4206 1861 4271 land
1903 4214 1976 4271 to
2016 4208 2135 4271 the
2174 4207 2492 4291 Church).

588 4325 870 4389 Printed
904 4326 974 4389 in
1010 4324 1215 4389 Mem.
1256 4324 1502 4408 Ripon‚
1542 4323 1596 4398 I,
1635 4341 1740 4406 99,
1779 4323 1954 4387 from
1991 4323 2447 4409 Darnbrough
2486 4326 2622 4391 MS.

909 4452 1206 4459 -—-—-——

552 4508 568 4530 ¹
608 4502 681 4553 So
704 4503 761 4553 in
790 4503 921 4561 MS„
952 4502 1057 4551 but
1088 4508 1117 4526 ⁶·
1134 4503 1292 4551 cuius
1309 4502 1341 4521 ''
1372 4501 1555 4549 would
1582 4500 1706 4563 give
1731 4514 1766 4549 a
1793 4500 1978 4548 better
1999 4512 2172 4548 sense.
