3217 5117
1131 441 1320 507 Acrs
1366 459 1458 507 or
1504 441 1861 507 CHAPTER.
2482 456 2606 523 143

574 622 776 699 Item,
815 622 979 707 quia
1017 620 1342 687 Canonici
1379 621 1753 686 residentes
1790 620 2147 685 retroactis
2186 618 2611 702 temporibus
2660 606 2886 736 {2222}
2910 608 3011 721 ἓξ*

393 727 770 792 maioribus
800 731 870 790 et
903 725 1472 810 solempnioribus
1504 725 2003 790 festiuitatibus
2035 724 2197 789 anni
2228 722 2299 787 in
2332 722 2611 787 ecclesia
2636 755 2789 804 ways
2822 740 3034 788 residecl

395 836 633 895 nostra
679 812 968 894 residere
1013 836 1082 894 et
1129 830 1380 895 diuinis
1425 830 1749 895 interesse
1794 828 2031 894 officiis
2075 850 2211 894 non
2258 833 2608 903 curarunt,
2684 808 2987 939 gffigeffiess

393 955 539 1011 nos,
617 935 686 999 in
763 934 977 999 diuini
1052 934 1280 999 cultus
1355 941 1803 1019 augmentum
1878 939 1946 997 et
2024 932 2263 997 honori
2338 930 2611 995 ecclesie
2660 942 2814 990 choir
2840 947 2900 989 at
2927 940 3024 989 the

393 1038 780 1123 prospicere
828 1038 1202 1122 cupienteS,
1256 1059 1336 1103 ac
1383 1038 1747 1103 canonicos
1796 1043 1864 1101 et
1916 1037 2293 1102 confratres
2341 1041 2612 1100 nostros
2710 1012 2959 1124 ςξζξῗᾷἓῖς

395 1149 745 1227 presentes
816 1148 886 1207 et
962 1143 1230 1207 futuros
1300 1142 1390 1208 ad
1462 1142 1897 1207 residendum
1970 1142 2040 1206 in
2114 1140 2612 1205 festiuitatibus

395 1246 809 1331 supradictis
869 1246 1173 1312 animare
1235 1246 1565 1322 volenteS,
1631 1246 1715 1310 de
1777 1244 2084 1311 unanimi
2146 1265 2479 1310 consensu
2541 1250 2609 1308 et

397 1372 677 1416 assensu
741 1351 1048 1416 omniurn
1113 1356 1182 1415 et
1247 1335 1667 1436 singulorum
1731 1350 2157 1415 confratrum
2221 1354 2611 1414 nostrorum

397 1454 845 1539 presencium,
911 1454 1284 1520 statuimus
1347 1462 1414 1519 et
1479 1454 1877 1520 diffiniendo
1941 1454 2358 1528 ordinamus,
2424 1452 2611 1538 quod

397 1559 687 1643 quilibet
740 1559 1123 1625 Canonicus
1173 1558 1629 1623 residencialis
1680 1558 1799 1643 qui
1853 1559 1921 1622 in
1975 1558 2149 1622 festo
2203 1556 2613 1623 Natiuitatis
2674 1576 2767 1611 are
2792 1576 2917 1610 now
2945 1564 3006 1609 to

401 1662 679 1728 Domini
744 1669 812 1727 et
880 1684 999 1748 per
1063 1665 1348 1729 octabas
1411 1663 1715 1729 eiusdem
1782 1662 2225 1728 residenciam
2291 1662 2361 1727 in
2426 1661 2614 1726 dicta
2675 1630 3005 1760 ᾞὲζῗξζὲἷξ

400 1767 680 1832 ecclesia
740 1776 976 1832 nostra
1041 1768 1274 1832 fecerit
1337 1767 1785 1852 personalem,
1842 1766 2067 1850 xxij.
2135 1766 2466 1851 percipiat
2529 1765 2614 1830 de
2712 1763 2853 1811 from
2881 1762 2976 1811 “¹⁰

399 1892 740 1947 comuna;
789 1872 910 1956 qui
967 1892 1131 1936 vero
1190 1872 1261 1937 in
1315 1873 1492 1937 festo
1555 1872 1857 1937 Paschae
1901 1892 2059 1938 cum
2105 1870 2327 1935 tribus
2373 1870 2615 1935 diebus
2710 1843 2967 1945 οῗᾷᾞῖιῗῗ

366 1976 846 2060 -sequentibus
922 1975 1097 2061 xiijs.
1177 1976 1371 2059 iiijd.,
1449 1981 1518 2040 et
1592 1977 1713 2061 qui
1786 1976 1856 2041 in
1934 1975 2112 2040 festo
2184 1974 2617 2039 Ascensionis
2642 1963 3041 2079 κξξῌὲἕᾶζῗέἱ·

403 2078 680 2143 Domini
733 2100 890 2145 cum
943 2080 1164 2145 tribus
1216 2080 1456 2146 diebus
1508 2081 2032 2164 precedentibus
2082 2078 2393 2145 similiter
2442 2079 2617 2144 duas
2692 2100 2913 2171 preseat
2941 2096 2995 2144 in

401 2203 690 2258 marcaS,
717 2183 786 2248 in
814 2184 989 2248 festo
1015 2184 1454 2249 Pentecostes
1477 2204 1635 2249 cum
1662 2184 1882 2249 tribus
1906 2184 2147 2249 diebus
2171 2183 2617 2268 sequentibus
2760 2164 2926 2211 ⁰¹¹⁰¹‘·

401 2286 850 2370 personaliter
888 2288 1232 2363 residebit,
1266 2289 1709 2354 consimiliter
1743 2288 1918 2373 xiijs.
1956 2288 2123 2372 iiijd.
2160 2288 2493 2373 percipiat
2532 2287 2617 2352 de

398 2410 716 2455 Comuna.

580 2518 768 2584 Nota
809 2521 998 2607 quod
1039 2521 1330 2606 quilibet
1375 2522 1757 2587 Canonicus
1801 2520 2089 2586 residere
2132 2521 2370 2587 volens
2412 2522 2619 2587 debet

402 2624 830 2709 personalem
896 2646 1020 2690 sua
1085 2627 1360 2710 propria
1425 2646 1716 2710 persona
1782 2627 2357 2710 protestacionem
2422 2647 2619 2691 suam

403 2727 625 2793 facere
661 2728 731 2793 in
768 2728 1138 2811 Capitu10.¹

583 2857 761 2922 Item
831 2863 1180 2923 statutum
1249 2866 1318 2923 et
1397 2860 1793 2924 ordinatum
1872 2865 1975 2925 est
2054 2860 2242 2945 quod
2329 2860 2619 2945 quilibet
2650 2884 3027 2934 Protestation

403 2961 790 3027 Canonicus
827 2962 1064 3027 volens
1106 2962 1174 3027 in
1214 2969 1449 3028 nostra
1489 2964 1771 3029 ecclesia
1808 2964 2097 3029 residere
2136 2985 2261 3049 pro
2299 2965 2623 3049 primaria
2648 2952 2707 3001 ⁰f
2730 2952 3023 3000 residence.

405 3065 781 3131 residencia
816 3066 1150 3143 facienda,
1189 3068 1378 3151 prius
1414 3068 1695 3132 accedat
1733 3068 2180 3152 personaliter
2213 3068 2302 3133 ad
2339 3069 2623 3134 domurn

405 3168 872 3254 capitularem
941 3171 1244 3236 eiusdem
1314 3172 1587 3236 ecclesie
1658 3172 1728 3236 in
1800 3173 1976 3236 festo
2045 3173 2625 3239 Annunciacionis

409 3274 624 3338 Beate
679 3274 889 3338 Marie
943 3275 1053 3339 vel
1107 3275 1284 3340 infra
1339 3281 1497 3341 octo
1550 3276 1696 3341 dies
1749 3278 2058 3361 proxime
2112 3284 2495 3362 sequenteS,
2553 3283 2623 3343 et

406 3377 663 3442 ibidem
686 3379 1134 3463 personaliter
1155 3385 1578 3464 protestetur
1599 3380 1684 3445 de
1708 3381 2066 3445 residendo
2088 3388 2156 3446 et
2180 3382 2625 3447 residenciam

408 3502 606 3546 suam
653 3482 966 3548 faciendo
1010 3504 1134 3567 pro
1177 3484 1292 3548 illo
1337 3504 1519 3549 anno
1566 3483 1677 3548 vel
1723 3485 1924 3549 aliter
1968 3485 2057 3549 ad
2102 3486 2625 3552 distribuciones

414 3587 1060 3669 (emolumentorum
1095 3588 1338 3672 erased)
1379 3609 1515 3654 non
1553 3590 1984 3666 admittetur,
2022 3610 2145 3654 nec
2181 3588 2467 3655 residere
2502 3610 2626 3674 pro

411 3709 594 3755 anno
631 3690 748 3754 illo
785 3692 1240 3775 reputabitur.

417 3819 522 3904 (59
559 3822 650 3903 v.)
751 3820 930 3886 Item
975 3826 1323 3887 statutum
1363 3828 1431 3887 et
1480 3822 1875 3889 ordinatum
1923 3830 2027 3889 est
2090 3823 2277 3910 quod
2338 3823 2629 3909 quilibet
2676 3829 2827 3877 Each
2850 3829 3039 3878 Canon

415 3921 796 3989 Canonicus
833 3925 1070 3989 volens
1107 3925 1192 3990 de
1229 3946 1412 3991 nouo
1451 3927 1739 3992 residere
1778 3928 1846 3991 in
1885 3927 2218 4012 principio
2256 3927 2471 4011 prime
2509 3949 2628 3993 sue
2675 3900 3032 4024 ,2²32ssss

414 4025 802 4104 residencie,
863 4028 1048 4093 facta
1104 4030 1608 4113 protestacione
1665 4038 1744 4095 vt
1800 4031 2159 4115 prefertur,
2218 4031 2341 4097 xlS.
2402 4032 2627 4098 soluat
2658 4056 2787 4117 mor}
2818 4041 2955 4118 fund
2984 4056 3057 4117 qn

414 4130 686 4196 realiter
723 4132 1110 4198 Camerario
1147 4141 1384 4198 nostro
1422 4134 1491 4199 in
1531 4142 1979 4219 augmentum
2018 4157 2380 4201 commune
2419 4137 2630 4221 ipsius
2655 4108 3058 4222 δῖξζῗέζὲξέῑε

415 4234 754 4311 ecclesiae,
828 4256 952 4301 nec
1023 4243 1186 4302 ante
1255 4258 1490 4303 veram
1560 4239 1978 4305 solucionem
2050 4240 2441 4305 huiusmodi
2512 4259 2632 4324 per

414 4337 636 4423 ipsam
727 4340 869 4425 (sic)
961 4341 1233 4406 realiter
1319 4342 1576 4407 factam
1663 4344 1953 4409 residere
2039 4350 2417 4421 censeatur,
2506 4364 2631 4409 nec

415 4443 944 4509 distribuciones
979 4446 1315 4531 percipiat
1351 4447 1859 4532 quoquomodo,

555 4597 572 4620 ¹
609 4592 744 4644 This
769 4600 903 4646 note
926 4594 974 4645 is
997 4596 1056 4645 in
1083 4610 1118 4645 a
1143 4594 1282 4645 later
1307 4594 1476 4645 hand.
