3217 5117
1184 511 1374 576 Acrs
1421 527 1513 577 012
1559 511 1919 577 CHAPTER.
2535 527 2661 594 293

441 690 947 775 prebendarum
1023 691 1107 755 de
1183 690 1666 776 StanewiggeS,
1744 690 2159 766 Gevendale‚
2238 695 2307 755 et
2384 690 2663 756 Sharow

441 795 888 880 personaliter
936 795 1264 860 accedens
1309 815 1517 879 super
1562 795 1969 872 defectibus
2020 794 2659 879 dilapidacionibuS‚

440 906 510 965 et
560 899 1088 965 ruinositatibus
1136 900 1206 965 in
1254 899 1458 965 dictis
1507 899 1871 985 prebendis
1920 905 1989 964 et
2040 898 2323 984 edificijS
2372 899 2467 964 eis
2513 918 2662 985 per-

442 1003 844 1080 tinentibus
909 1024 1098 1068 more
1158 1023 1280 1088 per
1339 1003 1572 1068 omnia
1634 1010 1713 1067 vt
1774 1024 1983 1088 supra
2042 1003 2438 1089 diligentem
2500 1003 2662 1068 fecit

440 1107 980 1193 inquisicionem,
1048 1128 1170 1192 per
1232 1128 1445 1192 quam
1508 1109 1791 1193 quidem
1856 1108 2377 1194 inquisicionem
2441 1114 2663 1174 certos

439 1212 749 1278 defectus
805 1219 875 1277 et
931 1212 1374 1279 ruinositates
1431 1212 1702 1278 inuenit
1758 1213 1828 1278 in
1886 1213 2162 1288 eisdem,
2221 1219 2429 1298 prout
2485 1212 2664 1277 infra

441 1317 734 1402 patebit.

1278 1498 1826 1564 STANEwrccl-:s

618 1677 699 1741 In
760 1675 1018 1760 primiS,
1085 1677 1396 1761 prefatus
1457 1676 1547 1742 M.
1616 1676 1974 1742 Presidens
2032 1676 2298 1742 invenit
2357 1677 2666 1744 defectus
2734 1688 2959 1738 Defece-
2985 1687 3042 1738 in

442 1780 512 1846 in
577 1780 932 1846 mansione
998 1780 1351 1847 Prebende
1417 1781 1504 1848 de
1570 1781 2053 1868 Stanewigges,
2122 1782 2509 1866 pertinente
2574 1781 2663 1850 M.
2742 1755 3041 1886 pregffidal

443 1885 705 1951 Thome
747 1885 1129 1951 Bakhowse
1168 1884 1515 1952 Canonico
1554 1891 1625 1951 et
1666 1886 2129 1952 Prebendario
2168 1886 2493 1963 eiusdem,
2534 1885 2665 1951 viz.
2722 1889 2911 1945 house,
2938 1888 3067 1946 viz..

441 1990 512 2056 in
553 1996 822 2056 tectura
857 2010 1106 2076 magne
1143 1991 1298 2056 aule
1334 1991 1643 2057 eiusdem
1682 2010 1766 2056 ex
1804 1997 2001 2075 parte
2038 1991 2304 2068 boriali,
2345 1997 2415 2055 et
2454 1991 2668 2056 eciam
2692 1954 3095 2085 mttgxeegpgagtos

440 2094 510 2160 in
560 2095 1000 2160 edificacione
1050 2101 1121 2160 et
1171 2095 1611 2180 reparacione
1658 2094 1987 2171 merimei,
2040 2101 2110 2160 et
2160 2095 2230 2160 in
2282 2100 2552 2161 tectura
2599 2100 2670 2160 et
2737 2087 3055 2204 ἃῑὲῖῑῑίῃθῒῶὲ

442 2199 656 2265 muris
686 2199 1043 2265 cuiusdam
1077 2199 1234 2284 orrij
1274 2198 1532 2264 ibidem
1565 2221 1647 2264 ac
1675 2199 1971 2285 granarii
2010 2206 2080 2264 et
2111 2199 2383 2265 stabule
2413 2200 2669 2265 ibidem
2756 2221 2903 2270 roofs
2930 2222 3039 2271 and

441 2325 616 2390 quos
680 2305 961 2391 quidem
1027 2303 1339 2370 defectus
1403 2304 1717 2388 prefatus
1784 2303 1872 2368 M.
1945 2303 2303 2369 Presidens
2368 2304 2668 2369 iniunxit
2718 2287 3077 2402 W⁸¹}⁵a¹?r{¹1h0

440 2409 857 2476 sufficienter
887 2415 956 2474 et
988 2409 1292 2495 perfecte
1325 2407 1700 2474 reedificari
1732 2412 1803 2472 et
1836 2409 2136 2492 reparari
2168 2429 2289 2492 per
2320 2409 2669 2493 prefatum
2748 2421 3041 2485 buildings,

443 2513 586 2598 (τοι
628 2513 720 2596 ν.)
785 2515 873 2579 Μ.
920 2513 1262 2579 Thomam
1311 2513 1694 2578 Bakhowse
1743 2512 1918 2578 citra
1967 2512 2225 2578 festum
2278 2513 2432 2579 Inv.
2482 2514 2546 2580 S.
2595 2513 2666 2578 C.
2728 2488 2977 2619 repffirffi
3006 2569 3065 2602 as

439 2619 916 2704 supradictum
961 2620 1092 2685 sub
1139 2638 1318 2703 pena
1365 2618 1488 2683 xlta
1537 2617 1912 2683 solidorum
1960 2617 2217 2683 fabrice
2265 2618 2541 2683 ecclesie
2588 2624 2668 2682 vt
2798 2621 2993 2670 above.

441 2743 651 2809 supra
682 2723 1069 2809 applicand.

1323 2900 1763 2982 (Gevendale)
1777 2953 1790 2966 .

625 3080 803 3147 Item
842 3081 1150 3165 prefatus
1192 3081 1279 3146 M.
1326 3081 1686 3147 Presidens
1725 3081 1815 3147 ad
1854 3082 2284 3148 mansionem
2324 3083 2667 3166 prebende
2696 3113 2771 3162 At
2796 3113 2893 3161 the
2919 3112 3089 3161 house

447 3185 532 3251 de
565 3183 958 3251 Gevendale
992 3185 1320 3251 accedens
1354 3185 1622 3252 inuenit
1656 3186 1913 3253 ibidem
1952 3187 2244 3251 factores
2280 3187 2367 3250 M.
2407 3187 2669 3253 Thome
2730 3179 3053 3294 Οῐὺξξῶξξθ·

451 3289 836 3365 Herworth,
933 3289 1256 3355 Canonici
1350 3295 1420 3354 et
1516 3291 1958 3375 Prebendarij
2060 3291 2385 3367 eiusdem,
2482 3298 2671 3357 certa
2695 3311 3001 3362 Givendale
3023 3311 3092 3360 he

449 3394 714 3460 edificia
767 3394 987 3459 eidem
1043 3393 1380 3459 mansioni
1436 3394 1835 3478 prebendali
1890 3395 2315 3479 pertinencia
2370 3395 2669 3480 perfecte
2696 3378 3092 3495 wffifficffesshffe-

450 3505 519 3564 et
573 3499 893 3564 decenter
945 3498 1030 3562 de
1085 3518 1268 3564 novo
1322 3499 1743 3575 edificantes
1804 3520 1884 3564 ac
1938 3499 2155 3564 eciam
2210 3499 2483 3564 diuersa
2538 3500 2672 3564 alia
2769 3512 3018 3588 bui-ming

449 3603 716 3670 edificia
788 3602 1043 3668 ibidem
1115 3622 1250 3688 que
1325 3603 1603 3668 fuerunt
1678 3604 1882 3688 longo
1930 3609 2239 3688 tempore
2285 3623 2406 3688 per
2466 3609 2673 3668 antea
2700 3580 3093 3708 ceggffinnggggts

450 3708 792 3773 defectiua
826 3713 895 3772 et
928 3705 1132 3773 valde
1164 3706 1439 3772 ruinosa
1471 3727 1594 3791 per
1626 3707 1899 3772 eosdem
1935 3708 2229 3772 factores
2262 3707 2675 3773 sufficienter
2734 3711 2969 3768 thereto,
2999 3725 3059 3760 as

451 3818 789 3898 reparata,
835 3817 1067 3876 tamen
1107 3817 1391 3897 propter
1429 3811 1715 3876 nimiam
1756 3811 2329 3896 dilapidacionem
2371 3812 2672 3896 prefato·
2698 3777 3096 3908 wssffiiffiissge‘

450 3937 603 3983 rum
699 3915 1072 3981 mansionis
1166 3921 1237 3980 et
1332 3915 1757 3981 edificiorum
1853 3915 2075 3980 eidem
2170 3916 2673 4000 pertinencium

452 4020 878 4108 temporibus
971 4019 1340 4085 transactis
1432 4019 1502 4084 in
1596 4020 1981 4086 defectibus
2074 4026 2147 4084 et
2240 4020 2674 4106 necligencijs

453 4125 950 4192 Canonicorum
1000 4131 1068 4188 et
1122 4123 1739 4190 Prebendariorum
1790 4124 2095 4190 eiusdem
2146 4125 2511 4209 prebende,
2564 4125 2674 4189 vel

452 4229 684 4296 saltim
757 4249 992 4295 eorum
1065 4228 1524 4294 firmariorum
1599 4228 2026 4294 accidentem
2102 4235 2173 4294 et
2246 4229 2670 4314 permissam,
2760 4259 2863 4307 but
2888 4259 3044 4307 there

454 4335 762 4419 prefatus
821 4334 910 4399 M.
974 4333 1330 4399 Presidens
1388 4333 1655 4398 inuenit
1715 4332 1942 4398 adhuc
2000 4332 2306 4397 diuersos
2364 4333 2674 4398 defectus
2734 4340 2890 4441 ἓξὲξ
2892 4339 3061 4440 &¹1:32

453 4438 710 4504 ibidem
757 4437 1250 4514 reformandos,
1301 4437 1432 4502 viz.
1485 4437 1556 4501 in
1605 4442 1876 4502 tectura
1922 4457 2169 4522 magne
2217 4437 2370 4502 aule
2418 4437 2672 4503 ibidem
2819 4463 2879 4508 to
2910 4407 2999 4507 bey

455 4549 526 4608 et
564 4543 634 4608 in
674 4547 944 4608 tectura
983 4548 1052 4607 et
1091 4542 1417 4608 merimeo
1454 4541 1814 4607 cuiusdam
1855 4541 1992 4606 alte
2030 4561 2317 4606 camere.
2754 4525 3043 4574 amended.
