3217 5117
176 2411 301 2460 And
330 2411 371 2459 if
397 2411 533 2474 they

185 2491 313 2526 ever
344 2477 515 2540 allege

175 2557 286 2606 any
314 2543 531 2607 writing

184 2609 241 2658 in
268 2624 529 2660 exonera-

282 2677 419 2734 tion,

582 497 710 584 264
1152 496 1309 566 Tne
1358 497 1672 564 INmmY
1719 495 2214 566 Mmuscmpr.

582 681 775 746 Prior
820 689 890 774 et
940 681 1338 746 Conuentus
1386 687 1457 744 et
1504 698 1923 744 successores
1971 679 2101 745 n'ri
2148 678 2615 753 defecerimuS,
2667 683 2794 742 aut

580 785 827 871 aliquis
874 805 1161 850 success,
1216 785 1418 850 n'ror.
1472 785 1796 850 defecerit
1845 785 1916 850 in
1966 785 2280 850 futurum
2329 783 2400 850 in
2448 782 2794 848 solucione

579 891 745 956 dicti
778 891 991 956 annui
1022 889 1332 954 redditus
1362 889 1597 955 decem
1629 909 2016 955 marcarum
2047 889 2156 953 vel
2187 888 2473 953 alicuius
2503 886 2795 972 parcelle

578 995 883 1060 eiusdem
961 995 1051 1059 ad
1126 994 1405 1078 aliquod
1481 994 1737 1060 festum
1811 995 2176 1060 solucionis
2251 989 2408 1059 i‘nde
2483 991 2796 1076 superius

580 1100 979 1172 limitatum,
1052 1099 1311 1164 tociens
1378 1119 1503 1164 nos
1570 1099 1737 1163 dicti
1809 1099 2000 1164 Prior
2065 1106 2136 1163 et
2204 1098 2600 1162 Conuentus
2667 1103 2796 1161 aut

580 1223 997 1270 successores
1044 1203 1173 1269 n'ri
1220 1203 1565 1269 soluemus
1613 1203 1882 1288 prefato
1929 1202 2248 1287 Capitulo
2297 1202 2454 1266 eccl.
2506 1201 2670 1267 Coll.
2721 1205 2794 1265 et

580 1329 758 1374 suco.
804 1329 856 1374 s.
898 1308 993 1374 ad
1036 1308 1251 1373 altare
1295 1307 1682 1393 predictum
1723 1307 2186 1394 quadraginta
2225 1306 2476 1371 solidos
2517 1305 2794 1372 nomine

578 1433 772 1498 pene,
839 1433 979 1477 vna
1038 1433 1197 1476 curn
1262 1411 1622 1498 arreragiis
1683 1413 1850 1478 dicti
1913 1412 2124 1477 annui
2188 1410 2496 1476 redditus
2557 1409 2794 1475 decem

578 1521 988 1592 marcarum,
1060 1517 1149 1580 ad
1218 1537 1431 1601 quam
1499 1514 1781 1600 quidem
1849 1515 2266 1580 solucionem
2334 1514 2798 1600 quadraginta

576 1619 951 1686 solidorum
1013 1620 1339 1705 quociens
1403 1641 1527 1684 nos
1589 1619 1760 1684 dicti
1826 1620 2018 1684 Prior
2080 1627 2150 1684 et
2215 1619 2612 1689 Conuentus
2673 1639 2796 1683 seu

576 1745 755 1790 succ,
819 1746 885 1790 n.
949 1724 1415 1799 defecerimuS,
1479 1731 1601 1789 aut
1663 1723 1910 1809 aliquis
1967 1730 2282 1789 nostrum
2342 1722 2664 1788 defecerit
2725 1722 2796 1787 in

578 1829 922 1895 solucione
977 1829 1266 1915 predicti
1322 1829 1531 1894 annui
1590 1828 1899 1895 redditus
1953 1827 2188 1893 decem
2245 1848 2630 1892 marcarum
2685 1826 2796 1890 vel

578 1934 864 2000 alicuius
922 1933 1211 2020 parcelle
1268 1933 1572 1999 eiusdem
1631 1932 1719 1998 ad
1779 1932 2059 2018 aliquod
2118 1933 2374 1997 festum
2431 1932 2797 1997 solucionis

578 2037 737 2102 inde
786 2038 1363 2122 prenominatum,
1409 2037 1793 2123 obligamus
1833 2058 1960 2102 nos
1997 2043 2066 2102 et
2121 2039 2227 2124 (89
2253 2039 2341 2120 v.)
2379 2056 2798 2102 successores

578 2149 849 2208 nostros
916 2141 985 2208 in
1050 2141 1373 2226 predictis
1437 2142 1900 2228 quadraginta
1964 2142 2196 2207 solidis
2261 2161 2383 2227 per
2448 2147 2796 2226 presentes

578 2247 849 2334 prefato
886 2247 1001 2312 Ca.
1042 2247 1200 2312 eccl.
1242 2247 1405 2313 Coll.
1446 2253 1516 2312 et
1552 2267 1732 2312 suco.
1771 2267 1824 2312 s.
1865 2247 2230 2312 soluendiS.

758 2387 855 2452 Et
897 2385 1211 2466 insuper,
1278 2388 1607 2454 noueritis
1661 2410 1784 2454 nos
1844 2389 2067 2454 dictos
2130 2389 2431 2454 Priorem
2491 2395 2560 2452 et
2622 2388 2796 2453 Con-

578 2501 867 2559 uentum
908 2494 1315 2559 concessisse
1358 2500 1427 2558 et
1484 2513 1605 2578 per
1646 2499 1994 2577 presentes
2051 2515 2176 2579 pro
2232 2493 2430 2559 nobis
2485 2498 2555 2556 et
2611 2513 2792 2558 succ.

582 2619 648 2664 n.
687 2598 957 2683 prefato
991 2599 1105 2664 Ca.
1144 2598 1302 2663 eccl.
1341 2597 1505 2663 Coll.
1544 2598 1732 2683 pred.
1769 2605 1840 2663 et
1874 2620 2053 2664 succ.
2091 2620 2170 2674 s.‚
2207 2597 2396 2684 quod
2427 2598 2484 2662 si
2519 2618 2644 2662 nos
2675 2619 2798 2662 seu

579 2723 757 2768 suco.
814 2723 881 2769 n.
940 2703 1480 2788 allegauerimuS,
1536 2723 1656 2767 seu
1709 2703 1955 2788 aliquis
2009 2711 2321 2769 nostrum
2375 2702 2794 2788 allegauerit‚

577 2807 856 2893 aliquod
920 2808 1253 2892 scriptum
1319 2806 1584 2872 factum
1649 2807 1757 2871 vel
1823 2807 2368 2893 acquietanciam
2431 2807 2798 2872 solucionis

577 2911 743 2975 dicti
772 2912 982 2976 annui
1013 2910 1321 2976 redditus
1349 2912 1585 2977 decem
1616 2932 2024 2989 marcarum,
2056 2913 2165 2977 vel
2193 2912 2478 2977 alicuius
2505 2910 2795 2996 parcelle

576 3015 901 3091 eiusdem,
982 3016 1051 3080 in
1130 3015 1695 3080 exoneracionem
1773 3015 2138 3081 solucionis
2215 3015 2506 3101 predicti
2583 3015 2793 3081 annui

576 3120 884 3186 redditus
912 3119 1146 3185 decem
1174 3139 1561 3184 marcarum
1589 3140 1709 3183 seu
1738 3120 1900 3186 dict.
1931 3120 2394 3206 quadraginta
2418 3120 2792 3185 solidorum

574 3225 851 3290 nomine
882 3245 1054 3309 pene
1084 3245 1209 3310 pro
1241 3224 1516 3288 defectu
1547 3223 1912 3291 solucionis
1943 3225 2110 3290 dicti
2141 3246 2298 3290 ann.
2334 3224 2521 3290 redd.
2554 3224 2792 3290 decern

574 3349 982 3405 marcarum,
1030 3329 1139 3393 vel
1184 3329 1470 3393 alicuius
1515 3330 1806 3413 parcelle
1851 3329 2155 3395 eiusdem
2198 3349 2616 3406 concessum,
2663 3328 2790 3396 nisi

576 3433 1063 3499 tantummodo
1132 3433 1682 3518 acquietanciam
1753 3441 1875 3499 aut
1943 3433 2278 3519 scriptum
2346 3433 2794 3498 relaxacionis

574 3538 741 3604 dicti
791 3539 905 3604 Ca.
959 3538 1143 3603 dicte
1193 3537 1350 3603 eccl.
1407 3537 1569 3603 Coll.
1625 3543 1910 3622 portans
1961 3537 2123 3602 Dat.
2177 3537 2246 3601 in
2298 3535 2406 3601 do.
2461 3536 2574 3601 Ca.
2629 3537 2788 3602 eccl.

574 3645 736 3710 Coll.
794 3642 981 3728 pred.
1039 3650 1108 3708 et
1160 3642 1427 3709 liberat.
1485 3643 1555 3708 in
1609 3641 1851 3706 eadem
1902 3640 2014 3705 do,
2079 3640 2218 3716 Ca.,
2281 3640 2425 3703 siue
2486 3639 2792 3724 aliquam

572 3749 989 3813 solucionem
1054 3748 1211 3812 inde
1278 3747 1421 3812 fore
1489 3746 1877 3811 faciendam
1942 3745 2070 3810 nisi
2137 3745 2628 3810 tantummodo
2699 3745 2791 3810 ad

214 3864 349 3927 they
376 3865 483 3913 will
572 3852 919 3937 prefatum
956 3871 1305 3916 summurn
1344 3850 1581 3926 altare,
1623 3856 1879 3914 extunc
1916 3849 2298 3933 obligamus
2335 3869 2460 3913 nos
2497 3854 2566 3913 et
2603 3869 2782 3914 suco.

142 3943 253 3993 pay
280 3947 314 3980 a
352 3931 459 3980 fine
485 3932 544 3982 of

165 3996 275 4044 five
312 3997 516 4049 marka

569 3977 635 4022 n.
676 3956 937 4021 soluere
974 3954 1245 4040 prefato
1282 3954 1395 4019 Ca.
1436 3954 1593 4019 eccl.
1637 3953 1799 4020 Coll.
1841 3953 2027 4038 pred.
2069 3959 2137 4017 et
2173 3973 2351 4018 suco
2389 3974 2441 4018 s.
2482 3953 2788 4039 quinque

570 4081 835 4126 marcas
886 4059 1121 4146 legalis
1174 4066 1495 4125 monetae
1548 4058 1834 4143 Angliae
1889 4078 2014 4142 pro
2067 4057 2376 4142 quolibet
2431 4057 2608 4122 festo
2661 4079 2787 4142 pro

567 4185 707 4250 quo
765 4184 888 4228 nos
944 4161 1233 4248 allegare
1289 4161 1654 4248 contigerit
1711 4162 2016 4246 aliquam
2072 4161 2619 4247 acquietanciam
2675 4163 2785 4227 vel

567 4268 901 4353 scriptum
940 4266 1220 4352 aliquod
1258 4267 1421 4332 alibi
1460 4273 1746 4352 portans
1786 4266 1947 4330 Dat.
1990 4286 2203 4350 quam
2242 4265 2312 4330 in
2350 4265 2540 4331 dicta
2574 4266 2785 4331 domo

568 4372 681 4438 Ca.
749 4371 906 4437 eccl.
974 4369 1155 4436 dicte
1219 4370 1462 4456 Colleg.
1531 4371 1614 4435 de
1681 4370 1930 4455 Ripon'
1995 4368 2369 4454 supradict.
2437 4391 2555 4434 seu
2619 4370 2784 4434 alibi

562 4477 829 4544 liberat.
879 4497 1090 4562 quam
1140 4475 1207 4540 in
1255 4475 1495 4539 eadem
1543 4475 1751 4539 domo
1804 4473 1943 4549 Ca.,
1979 4480 2102 4537 aut
2150 4472 2430 4558 aliquod
2475 4473 2663 4538 aliud
2709 4474 2782 4539 in

563 4581 1125 4646 exoneracionem
1196 4578 1559 4643 solucionis
1633 4579 1800 4644 dicti
1873 4577 2086 4642 annui
2158 4575 2467 4642 redditus
2540 4578 2782 4644 decem
