3217 5117
198 1196 333 1243 1340,
362 1182 512 1245 Sept.
541 1196 586 1243 3.

263 2104 297 2125 ‘⁸
324 2099 538 2147 duobus
562 2098 573 2113 ’

194 2166 242 2213 in
284 2164 397 2213 MS.

290 3959 506 4022 Neuby.

616 451 697 511 24
1161 430 1327 493 Tm:
1382 431 1692 494 Iseum·
1745 430 2268 493 Maxu-sempr.

618 604 830 668 nostri
913 604 1350 686 presentibus
1412 617 1517 669 cst
1575 624 1991 687 appensum.
2126 604 2284 665 Dat.
2353 601 2538 684 apud
2609 600 2817 663 Ebor.

618 703 786 767 Idus
866 702 1242 768 Novembr.
1309 724 1499 767 anno
1576 703 1810 787 gracie
1893 703 2272 767 Millcsimo
2347 700 2829 766 ducentesimo

614 802 1061 886 sexagesimo
1094 802 1325 867 tercio.

620 1029 697 1078 10
723 1033 782 1077 v.
968 1015 1109 1097 (20)
1208 1016 1319 1079 Dr:
1368 1032 1662 1079 oFF1cio
1713 1032 2005 1079 ΒΛιιιυι
2058 1015 2437 1079 ΕΛΡι-ιᾞω.

798 1176 1329 1243 Memorandum
1410 1177 1597 1260 quod
1679 1176 1786 1261 iijo
1846 1179 1958 1243 die
2031 1179 2290 1243 mensis
2369 1174 2826 1259 Septembris,

616 1298 804 1341 anno
838 1278 1121 1341 Domini
1164 1278 1543 1343 Millesimo
1576 1292 1776 1342 ccc¹¹¹0
1799 1278 2368 1363 quadragesimo,
2409 1275 2835 1358 Radulphus

616 1377 701 1442 de
754 1380 993 1463 Sallay
1043 1380 1233 1444 venit
1282 1380 1348 1442 in
1401 1379 1728 1463 Capitulo
1773 1378 2055 1461 Ripon’‚
2095 1393 2163 1443 et
2208 1378 2556 1442 clamabat
2602 1390 2836 1439 tenere

614 1476 701 1542 de
733 1478 916 1543 dicto
950 1478 1275 1561 Capitulo
1308 1495 1373 1543 et
1404 1480 1491 1544 de
1523 1480 1930 1544 eommunia
1962 1479 2274 1543 eiusdem
2329 1498 2541 1540 vnum
2583 1475 2830 1541 toftum

615 1590 681 1641 et
713 1574 757 1660 ij
796 1579 1086 1642 bouatas
1119 1590 1293 1642 terre
1325 1593 1390 1642 et
1426 1579 1597 1661 prati
1627 1599 1783 1643 cum
1816 1578 2259 1662 pertinenciis
2288 1578 2353 1641 in
2393 1577 2822 1661 Bondegate,

621 1675 809 1739 iuxta
850 1675 1108 1759 Ripon'
1146 1697 1266 1759 per
1296 1678 1670 1742 seruicium
1706 1678 1894 1760 quod
1936 1677 2227 1742 deferret
2275 1677 2547 1761 virgam
2599 1696 2830 1740 coram

620 1776 996 1840 Canonicis
1028 1792 1093 1841 et
1136 1777 1578 1859 processione
1618 1778 1867 1842 diebus
1913 1776 2287 1841 dominicis
2333 1789 2401 1840 et
2449 1774 2835 1839 maioribus

621 1874 891 1941 festinis
923 1900 938 1948 ;
998 1876 1385 1942 Reddendo
1431 1898 1550 1961 per
1580 1899 1844 1941 annum
1881 1876 2281 1941 communie
2315 1875 2830 1941 Canonicorum

617 1975 704 2038 ad
748 1977 1081 2040 terminos
1128 1977 1409 2040 Martini
1458 1990 1525 2043 et
1561 1978 2008 2043 pentecostes
2057 1976 2294 2061 xviijd.
2345 1997 2469 2059 pro
2511 1974 2836 2058 predictis

579 2096 760 2139 ·vno
816 2074 986 2140 tofto
1044 2090 1111 2140 et
1164 2078 1439 2141 duabus
1495 2077 1771 2143 bouatis
1824 2090 2000 2141 terre
2054 2090 2120 2140 et
2177 2076 2373 2159 prati.
2495 2075 2582 2137 Et
2637 2073 2837 2138 faciet

620 2176 1033 2239 summoniri
1101 2175 1309 2241 Curie
1372 2177 1456 2241 de
1518 2178 1850 2243 omnibus
1924 2178 2135 2240 libere
2197 2176 2596 2240 tenentibus
2658 2174 2838 2238 dicte

621 2276 909 2340 ecclesie
980 2276 1237 2359 Ripon'
1295 2293 1360 2341 et
1422 2278 1863 2361 singularum
1922 2278 2453 2360 prebendarum.
2577 2274 2665 2337 Et
2721 2295 2841 2357 per

622 2386 927 2439 extracta
994 2375 1359 2440 Curiarum
1429 2377 1888 2458 predictarum
1955 2392 2094 2441 tam
2161 2376 2562 2441 communie
2625 2394 2835 2457 quam

623 2478 1064 2562 singularum
1122 2480 1627 2561 prebendarum
1682 2481 1913 2545 leuare
1959 2478 2163 2541 debet
2217 2476 2455 2540 omnia
2507 2474 2840 2538 amercia-

627 2591 881 2651 menta‚
945 2590 1011 2641 et
1074 2578 1391 2642 liberabit
1458 2601 1540 2642 ea
1617 2579 1922 2662 singulis
1999 2576 2378 2641 Canonicis
2453 2576 2606 2639 siue
2687 2594 2841 2656 pro-

626 2676 1063 2741 curatoribus
1116 2679 1517 2742 eorundem.
1645 2678 1731 2741 Et
1782 2677 2324 2741 attachiamenta
2376 2675 2461 2739 de
2508 2674 2842 2738 omnibus

628 2778 931 2859 querelis
975 2776 1150 2840 infra
1197 2776 1473 2842 feodum
1528 2777 2042 2844 Canonicorum
2097 2776 2560 2858 predictorum
2613 2773 2834 2838 faciet.

634 2876 721 2940 Et
757 2876 851 2941 ire
884 2877 1087 2941 debet
1133 2875 1436 2961 singulis
1480 2877 1891 2960 septimanis
1939 2897 2058 2959 per
2094 2876 2272 2940 duos
2315 2875 2485 2951 dies,
2527 2874 2849 2938 videlicet

628 2976 742 3040 die
833 2975 1157 3040 Mercurii
1237 2990 1303 3040 et
1377 2976 1489 3041 die
1564 2976 1880 3053 Veneris,
1950 2996 2106 3040 cum
2188 2972 2700 3050 Tastatoribu‘s‚
2783 2985 2850 3036 et

632 3076 1057 3159 presentabit
1116 3075 1358 3139 defalc.
1433 3076 1634 3159 panis
1695 3089 1762 3140 et
1822 3075 2174 3141 cereuisie.
2307 3074 2394 3138 Et
2468 3074 2844 3138 Tolnetum

632 3177 863 3240 leuare
893 3176 1098 3240 debet
1134 3176 1221 3239 de
1275 3176 1606 3240 omnibus
1656 3176 2144 3259 empcionibus
2193 3189 2260 3240 et
2311 3174 2848 3239 vendicionibus

632 3274 808 3339 infra
872 3274 1146 3339 feodum
1215 3276 1731 3340 Canonicorum
1811 3276 2298 3357 predictorum.
2447 3274 2533 3337 Et
2609 3272 2848 3337 omnia

630 3376 1148 3441 concelementa
1184 3376 1628 3459 presentabit.

632 3585 773 3663 (21)
838 3580 1072 3645 Coma
1135 3599 1522 3645 culusum
1589 3582 1844 3645 CARTE
1910 3599 2006 3644 Dr:
2068 3598 2338 3643 'remus
2404 3598 2478 3643 m
2549 3580 2839 3657 Nisum,

719 3699 871 3759 Qut-2
934 3698 1226 3759 ommam
1291 3699 1533 3744 CARTA
1600 3698 1956 3745 ummmz‘r
2024 3699 2098 3746 m
2165 3698 2499 3744 MAchs
2560 3697 2841 3743 nsum).

720 3782 1043 3845 Sunole
1098 3780 1379 3844 F1snffl<
1435 3798 1530 3844 DE
1584 3780 1869 3845 Nssussv.

808 3942 1207 4026 Capitulum
1290 3943 1527 4008 Sancti
1596 3942 1908 4007 Wilfridi
1979 3944 2065 4008 de
2139 3944 2446 4029 Rypon',
2515 3944 2850 4008 omnibus

634 4044 815 4107 hanc
860 4056 1116 4107 cartam
1168 4043 1423 4107 visuris
1472 4044 1578 4107 vel
1629 4042 1993 4119 audituris,
2040 4045 2359 4109 salutem.
2413 4044 2672 4109 Sciatis
2723 4065 2850 4108 nos

630 4142 904 4207 dedisse
980 4156 1047 4205 et
1123 4142 1551 4207 concessisse
1629 4158 1697 4207 et
1774 4143 2072 4226 presenti
2136 4156 2323 4208 carta
2387 4157 2626 4208 nostra
2688 4165 2852 4208 con-

630 4241 944 4306 firmasse
1014 4240 1218 4305 Petro
1282 4240 1428 4305 filio
1498 4242 1806 4321 Ricardi,
1877 4264 2089 4306 vnum
2157 4242 2401 4307 toftum
2463 4243 2531 4306 in
2596 4244 2850 4327 Neuby

629 4356 695 4407 et
736 4356 874 4406 tres
912 4362 1109 4405 acras
1146 4354 1321 4404 terre
1373 4342 1437 4403 in
1489 4361 1739 4425 campo
1786 4342 2095 4406 eiusdem
2147 4343 2332 4419 ville,
2371 4356 2438 4407 et
2487 4356 2847 4427 pasturam

630 4440 1099 4527 quadraginta
1146 4440 1386 4504 ouium
1437 4452 1503 4506 et
1549 4455 1706 4506 octo
1748 4442 2157 4505 animalium
2205 4455 2271 4506 et
2313 4443 2522 4507 unius
2556 4444 2743 4526 equi,
2783 4458 2852 4508 et
