3217 5117
1083 465 1271 530 Acrs
1318 483 1409 539 oF
1456 465 1815 532 CHAPTER.
2525 480 2653 547 259

430 647 499 706 et
568 643 979 727 priuacionis
1045 646 1134 709 ab
1200 645 1461 710 eadem.
1560 646 1818 710 Panem
1883 666 2180 731 quoque,
2251 646 2512 721 vinum,
2582 650 2652 708 et
2677 642 2765 757 ξε
2800 643 2844 691 5⁵
2876 647 2936 692 to
2968 643 3080 719 {md

428 746 681 824 lumen,
726 769 805 813 ac
859 749 993 814 alia
1046 748 1492 814 celebracioni
1541 749 1935 815 diuinorum
1981 750 2359 817 necessaria
2401 749 2651 814 futuris
2716 710 3075 833 reagt'cffvme’

429 853 855 936 temporibus
900 853 1299 917 successiuis
1346 855 1743 938 sumptibus
1789 855 1928 919 suis
1974 853 2270 939 proprijs
2323 855 2646 919 inueniet.

430 955 748 1021 Preterea
792 956 1113 1023 volumus
1157 964 1225 1022 et
1272 957 1671 1023 ordinamus
1712 959 1902 1044 quod
1945 979 2154 1044 supra
2196 958 2648 1032 vestimentiS,

424 1060 635 1137 libris,
676 1061 1023 1136 calicibus,
1065 1062 1508 1138 ornamentis,
1548 1069 1616 1127 et
1656 1063 1808 1147 alijs
1846 1063 2174 1128 iocalibus
2209 1062 2650 1147 quibuscum-

426 1185 561 1248 que
600 1163 781 1229 dicte
821 1165 1140 1230 Cantarie
1179 1186 1303 1250 per
1338 1187 1464 1231 nos
1504 1173 1627 1232 aut
1667 1167 1836 1232 alios
1874 1186 2344 1252 quoscumque
2383 1166 2650 1230 collatis
2674 1153 3078 1272 ἑῇθῖξὲζῐξξοξξ

425 1288 543 1333 seu
580 1269 967 1356 assignatiS‚
1006 1270 1285 1354 plenum
1321 1278 1390 1335 et
1428 1271 1625 1335 fidele
1661 1271 1782 1336 fiat
1822 1271 2299 1336 Inuentarium
2333 1271 2648 1335 indenta-
2674 1286 2733 1334 of
2770 1287 2865 1336 the
2904 1275 3074 1350 gomis

427 1378 578 1436 tum
622 1374 1219 1459 quatripartitum‚
1268 1375 1463 1440 cuius
1508 1396 1648 1440 vna
1694 1396 1853 1460 pars
1897 1396 2106 1460 penes
2150 1396 2295 1450 nOS,
2345 1374 2645 1450 heredeS,
2735 1353 2986 1470 ςζὲιξῗξν

424 1483 494 1541 et
528 1477 910 1563 assignatos
940 1479 1147 1554 n'rOS,
1185 1479 1403 1544 altera
1436 1499 1595 1564 pars
1629 1500 1836 1564 penes
1870 1481 2252 1564 predictam
2286 1499 2648 1564 personam
2951 1460 3002 1482 ”

425 1582 652 1646 eccl’ie
706 1583 789 1647 de
842 1583 1053 1648 Wath
1106 1584 1225 1668 qui
1281 1605 1403 1669 pro
1459 1591 1772 1669 tempore
1827 1585 2053 1661 fuerit,
2110 1591 2178 1648 et
2232 1603 2651 1648 successores

424 1705 605 1762 suOS,
640 1687 851 1752 tercia
881 1709 1041 1772 pars
1071 1708 1278 1772 penes
1311 1688 1709 1773 Capitulum
1741 1689 1898 1754 eccl.
1938 1688 2101 1754 Coll.
2138 1689 2325 1752 beati
2355 1687 2650 1753 wilfridi

428 1791 703 1876 Ripon',
763 1799 831 1856 et
888 1799 1139 1877 quarta
1195 1813 1356 1877 pars
1411 1813 1620 1878 penes
1674 1793 2062 1878 predictum
2118 1793 2509 1876 Johannem
2565 1792 2651 1857 de

425 1896 685 1960 Thresk
756 1903 826 1961 et
896 1917 1314 1962 successores
1384 1884 1545 1962 suos
1617 1897 1799 1962 dicte
1871 1897 2190 1962 Cantarie
2260 1897 2650 1981 capellanos

424 2006 763 2085 perpetuo
810 2003 1286 2078 remanebunt,
1333 2003 1660 2087 quodque
1709 2002 1893 2066 idem
1939 2001 2176 2085 Joh’es
2221 2002 2305 2066 de
2348 2002 2650 2066 Threske

425 2112 496 2169 et
548 2106 841 2190 quilibet
893 2127 1058 2171 suus
1110 2126 1457 2171 successor
1508 2106 1815 2171 eiusdem
1869 2106 2188 2172 Cantarie
2242 2105 2650 2190 Capellanus

421 2211 541 2295 qui
612 2231 737 2296 pro
809 2217 1117 2296 tempore
1186 2210 1394 2275 fuerit
1457 2211 1851 2276 huiusmodi
1913 2199 2352 2286 vestimenta,
2414 2211 2645 2286 libros,

421 2315 684 2391 calices,
724 2321 793 2380 et
831 2315 965 2380 alia
1000 2315 1243 2380 iocalia
1279 2321 1347 2380 et
1386 2322 1796 2380 ornamenta
1829 2335 2265 2400 quecumque
2301 2334 2380 2379 ac
2416 2314 2648 2379 omnia

420 2418 555 2483 alia
629 2421 813 2485 bona
889 2419 979 2484 ad
1053 2440 1255 2484 vsum
1332 2419 1637 2484 eiusdem
1713 2419 2036 2484 Cantarie
2115 2419 2454 2504 deputata
2528 2439 2648 2483 seu

422 2524 770 2610 assignata
844 2524 955 2588 vel
1030 2523 1480 2609 imposterum
1544 2523 1948 2608 deputanda
2009 2544 2129 2588 seu
2207 2523 2642 2608 assignanda,

420 2627 813 2713 sumptibus
886 2628 1027 2692 suis
1102 2627 1398 2712 proprijs
1472 2648 1632 2692 cum
1706 2627 2074 2713 indiguerit
2150 2627 2498 2712 reparabit
2571 2632 2643 2691 et
2733 2619 2940 2734 agulkhe
2966 2620 3012 2669 ῖς

420 2732 674 2797 reficiet
709 2739 777 2796 et
811 2752 893 2796 ea
925 2733 1156 2797 omnia
1188 2733 1382 2797 salua
1415 2738 1483 2796 et
1517 2733 1787 2817 integra
1819 2731 2196 2797 secundum
2229 2730 2642 2816 possibilita-
2692 2701 2846 2802 thetin
2875 2701 3036 2802 ῑῗιεξεε-

418 2842 562 2900 tem
631 2836 1003 2901 eorundem
1072 2838 1332 2922 absque
1400 2836 1805 2901 vendicione
1875 2836 2454 2921 impignoracione
2521 2855 2642 2901 seu
2666 2820 3074 2935 {gilfbffnssefi'og

418 2940 880 3005 diminucione
925 2940 1157 3024 aliqua
1182 2927 1455 3020 ‚futuris
1503 2941 1930 3025 temporibus
1975 2946 2309 3025 perpetuo
2353 2941 2526 3004 bene
2572 2945 2641 3003 et
2668 2966 2780 3015 any
2805 2901 3069 3001 ofpthesffi.

419 3044 710 3110 fideliter
749 3045 1187 3110 conseruabit
1229 3066 1309 3109 ac
1351 3044 1435 3109 de
1476 3044 1736 3109 eisdem
1779 3044 2019 3109 reddet
2061 3045 2403 3109 racionem
2445 3043 2644 3108 nobis

417 3149 781 3215 heredibus
814 3149 923 3214 vel
956 3149 1320 3235 assignatis
1352 3150 1605 3215 nostris
1639 3156 1762 3214 aut
1795 3169 2081 3234 persone
2113 3149 2272 3214 eccl.
2310 3148 2396 3213 de
2431 3147 2644 3212 Wath

415 3253 811 3339 supradicte
874 3254 994 3338 qui
1061 3274 1185 3338 pro
1253 3261 1562 3339 tempore
1633 3254 1842 3319 fuerit
1907 3274 2029 3318 seu
2094 3253 2414 3337 Capitulo
2479 3251 2638 3317 eccl.

416 3359 581 3424 Coll.
632 3359 937 3443 predicte
984 3359 1564 3443 quandocumque
1625 3378 1861 3423 eorum
1923 3357 2170 3442 aliquis
2231 3356 2390 3421 inde
2436 3356 2642 3421 fuerit

418 3463 808 3548 requisitus
906 3462 1013 3527 Ad
1057 3483 1194 3548 que
1240 3463 1473 3528 omnia
1518 3467 1589 3527 et
1635 3463 1902 3549 singula
1947 3462 2016 3527 in
2065 3462 2288 3526 forma
2332 3461 2642 3545 predicta

415 3570 590 3633 bene
638 3573 706 3632 et
754 3567 1045 3632 fideliter
1076 3567 1410 3642 facienda,
1449 3567 1769 3643 tenenda,
1805 3574 1876 3630 et
1908 3564 2402 3650 perimplenda,
2443 3570 2514 3629 et
2553 3564 2641 3629 ad

416 3671 927 3738 ordinacionem
1024 3677 1334 3736 nostram
1433 3671 1817 3756 predictam
1917 3671 2425 3754 imperpetuum
2522 3670 2642 3733 ob-

416 3776 777 3852 seruanda,
839 3775 1132 3860 quilibet
1194 3775 1604 3861 Capellanus
1666 3776 1756 3841 ad
1810 3774 2207 3839 Cantariam
2260 3772 2643 3859 predictam

415 3883 869 3967 imposterum
901 3880 1378 3945 admittendus
1410 3885 1479 3945 et
1512 3881 1583 3944 in
1627 3879 1868 3944 eadem
1911 3878 2238 3944 canonice
2281 3877 2644 3942 instituen-

416 3986 547 4051 dus
610 3992 682 4050 et
731 3984 1178 4058 inducendus,
1228 3984 1688 4049 incontinenti
1734 3989 1892 4068 post
1940 3984 2087 4047 eius
2133 3981 2640 4056 admissionem,

415 4111 648 4156 coram
707 4109 779 4153 se
842 4089 1257 4154 admittente
1324 4089 1435 4153 vel
1511 4088 1946 4162 instituente,
2027 4086 2116 4151 ad
2194 4092 2436 4151 sancta
2516 4087 2644 4150 Dei

416 4195 773 4280 euangelia
803 4193 1151 4278 corporale
1187 4193 1526 4278 prestabit
1562 4191 2050 4268 iuramentum,
2090 4190 2396 4276 alioquin
2431 4190 2644 4274 ipsius

416 4298 767 4384 Capellani
797 4299 918 4384 qui
956 4297 1349 4364 huiusmodi
1386 4297 1858 4362 iuramentum
1903 4317 2040 4360 non
2088 4294 2488 4380 prestiterit‚
2523 4313 2644 4358 seu

418 4409 723 4488 prestare
791 4402 1185 4488 neglexerit,
1235 4401 1583 4477 admissio,
1636 4400 2014 4476 institucio,
2064 4405 2135 4464 et
2196 4397 2511 4462 induccio
2571 4397 2642 4462 in

420 4507 818 4573 Cantariam
870 4505 1339 4591 supradictam
1400 4506 1587 4570 omni
1649 4505 1881 4590 vigore
1940 4503 2215 4589 penitus
2273 4507 2507 4566 careat
2573 4507 2639 4565 et

420 4613 688 4679 effectu.

2731 3445 2831 3494 His
2856 3447 3009 3497 oath.
