3217 5117
171 1019 407 1070 Nichoua

171 1087 422 1138 Mordah.

195 1990 425 2042 0·¹²35·

189 3122 314 3183 (Ad.
345 3122 414 3171 de

135 3188 463 3252 Melsanby).

195 4008 241 4043 c.
280 4004 426 4054 1235.

187 4088 408 4151 Rypon.

525 446 610 511 94
1108 430 1266 497 THE
1317 431 1630 497 INGILBY
1678 434 2172 499 MANUSCRIPT.

522 607 734 672 habui
783 609 894 673 vel
940 610 1192 674 habere
1240 611 1436 694 potui
1487 612 1555 676 in
1605 611 1720 676 illo
1766 612 2118 696 mesuagio
2168 611 2235 676 in
2287 610 2537 695 Ripon’
2588 630 2747 674 cum

522 718 694 794 pert.
724 713 913 797 quod
937 712 1145 779 Walt.
1176 714 1388 779 frater
1412 736 1604 780 meus
1630 716 1835 780 michi
1864 715 2077 791 dedit,
2105 716 2295 800 quod
2319 714 2746 799 mesuagium

522 815 697 880 iacet
758 818 1208 902 propinquius
1263 819 1446 883 curie
1504 820 1811 903 Magistri
1869 820 1933 903 J.
1997 818 2315 894 Romani,
2374 816 2745 883 subdecani

526 920 732 985 Ebor.
823 920 985 985 Ten.
1037 922 1102 986 li.
1155 928 1222 986 et
1279 924 1418 1007 qui.
1471 923 1556 987 de
1612 924 1961 1007 prebenda
2016 943 2151 1009 que
2206 923 2560 1007 quondam
2616 922 2747 988 fuit

528 1022 752 1088 Nich'i
821 1026 1129 1102 Mordah,
1199 1033 1266 1090 et
1333 1026 1418 1091 de
1483 1048 1662 1092 succ,
1731 1027 1945 1112 ipsius
2010 1026 2354 1111 prebende
2419 1027 2489 1091 in
2555 1046 2743 1111 perp.

531 1127 749 1194 Redd.
817 1130 974 1194 inde
1036 1132 1397 1196 annuatim
1460 1131 1717 1197 Canon.
1785 1132 1967 1197 dicte
2029 1131 2373 1215 prebende
2435 1138 2502 1195 et
2566 1151 2746 1195 succ,

524 1238 662 1296 tres
696 1234 1030 1309 denariOS,
1067 1256 1158 1300 se.
1196 1235 1264 1319 iij
1305 1238 1414 1301 ob.
1453 1235 1541 1300 ad
1591 1236 1787 1301 Pent.
1826 1242 1896 1300 et
1928 1234 1997 1320 iij
2039 1236 2148 1301 ob.
2187 1235 2277 1300 ad
2311 1236 2357 1300 f.
2396 1236 2461 1301 S.
2500 1236 2589 1299 M.
2626 1254 2751 1319 pro

525 1357 708 1402 omn.
747 1340 1049 1404 seruiciis
1085 1346 1154 1403 et
1191 1340 1571 1405 demandiS.
1669 1341 1763 1406 Vt
1800 1346 2035 1405 autern
2072 1339 2137 1404 h.
2177 1340 2469 1404 donacio
2503 1345 2572 1404 et
2608 1338 2747 1423 qui.

524 1441 902 1507 clamancia
959 1443 1044 1508 de
1099 1464 1207 1508 me
1264 1450 1332 1508 et
1390 1444 1474 1509 de
1530 1446 1669 1509 her.
1731 1464 1819 1509 m.
1881 1444 1949 1509 in
2008 1464 2195 1527 perp.
2257 1464 2298 1509 a
2354 1444 2625 1508 nemine
2681 1442 2750 1507 in

526 1546 816 1629 posteris
869 1548 1295 1631 temporibus
1347 1548 1561 1632 possit
1616 1548 1914 1633 infringi,
1970 1568 2069 1632 pr.
2124 1568 2251 1613 scr.
2306 1547 2427 1632 sig.
2485 1566 2575 1611 m.
2632 1567 2751 1630 ap-

524 1651 870 1733 posicione
903 1651 1242 1717 roboraui.
1341 1653 1428 1718 H.
1467 1658 1516 1717 t.
1557 1652 1818 1736 Mag'ro
1852 1650 1931 1717 G.
1970 1652 2055 1716 de
2090 1650 2347 1716 Larder
2379 1657 2448 1715 et
2482 1652 2747 1715 ceteris,

956 1832 1132 1913 (150)
1187 1831 1299 1895 DE
1349 1847 1625 1897 EODEM.
1725 1831 2022 1915 (Similar
2066 1832 2320 1916 grant).

703 1983 905 2048 Omn.
943 1982 1033 2047 ad
1064 2002 1238 2068 quos
1263 2002 1362 2065 pr.
1399 2002 1524 2046 scr.
1553 1982 1964 2065 peruenerit,
1994 1981 2343 2046 Gunnilda
2376 1981 2467 2046 fil.
2504 1980 2753 2045 Ketelli

525 2085 611 2150 de
658 2086 931 2170 Ripon’,
977 2107 1072 2151 sa.
1168 2085 1345 2151 Nou.
1393 2106 1503 2150 me
1546 2086 1699 2150 ded.
1747 2106 1935 2151 cone.
1984 2092 2052 2150 et
2096 2086 2162 2149 h.
2210 2105 2276 2169 p.
2322 2106 2380 2150 e.
2428 2106 2517 2149 m.
2564 2086 2746 2150 conf.

526 2190 752 2255 Will'o
787 2192 1022 2275 nepoti
1060 2210 1212 2255 meo
1249 2196 1318 2255 et
1354 2190 1763 2274 cuicumque
1800 2190 1983 2265 dare,
2023 2190 2340 2265 vendere,
2382 2190 2747 2275 assignare,

525 2293 633 2358 vel
675 2295 1131 2380 impignorare
1170 2294 1486 2367 voluerit,
1523 2298 1754 2359 totum
1787 2293 1898 2377 jus
1930 2302 1999 2358 et
2040 2295 2163 2358 cla.
2209 2294 2399 2378 quod
2438 2314 2752 2378 vnquam

525 2398 736 2463 habui
796 2399 905 2463 vel
963 2400 1216 2463 habere
1263 2398 1457 2482 potui
1507 2387 1576 2462 in
1624 2398 1740 2461 illo
1786 2398 2136 2483 mesuagio
2184 2397 2253 2461 in
2305 2397 2531 2482 Ripon
2593 2418 2750 2462 cum

525 2503 771 2586 pertin.
808 2503 996 2587 quod
1029 2503 1246 2567 Alicia
1279 2522 1469 2566 soror
1500 2522 1654 2567 mea
1686 2502 1815 2565 sibi
1850 2501 2063 2577 dedit,
2099 2502 2290 2586 quod
2322 2502 2753 2587 mesuagium

525 2606 700 2671 iacet
749 2607 1198 2691 propinquius
1244 2606 1428 2671 curie
1474 2606 1616 2670 d'ni
1667 2606 1873 2681 Petri,
1924 2606 2248 2671 Canonici
2298 2606 2575 2689 Ripon',
2627 2626 2753 2689 pro

523 2710 828 2793 quadam
890 2731 1160 2775 summa
1221 2711 1507 2794 pecunie
1566 2729 1779 2794 quam
1842 2710 2048 2774 michi
2108 2710 2406 2774 contulit
2470 2710 2538 2774 in
2600 2730 2752 2773 mea

523 2834 775 2898 magna
839 2816 1264 2879 necessitate.
1391 2814 1552 2878 Ten.
1624 2820 1691 2877 et
1757 2813 1916 2877 hab.
1986 2812 2205 2878 eidem
2271 2812 2499 2877 Will’o
2564 2819 2633 2877 et
2698 2833 2748 2877 s,

527 2920 772 3003 assign.
803 2918 867 2982 li.
897 2919 1036 3003 qui.
1069 2916 1368 3001 pacifice,
1398 2919 1591 2992 bene,
1624 2916 1809 2981 redd.
1840 2916 1998 2981 inde
2024 2917 2388 2982 annuatim
2415 2916 2752 3001 quamdiu

528 3024 765 3087 vixero
828 3023 922 3106 jd.
994 3022 1083 3087 ad
1149 3021 1398 3087 Natale
1454 3020 1615 3085 D’ni
1680 3020 1907 3085 michi.
2003 3020 2095 3085 Et
2164 3021 2509 3085 Canonico
2574 3021 2761 3085 illius·

528 3127 871 3210 prebende
905 3147 1039 3210 que
1075 3126 1207 3190 fuit
1242 3127 1419 3190 bone
1454 3125 1779 3189 memorie
1815 3124 2055 3209 Mag'ri
2091 3125 2239 3189 Ade
2273 3123 2359 3189 de
2396 3124 2752 3207 Melsenby

524 3237 593 3296 et
622 3252 800 3296 succ,
833 3251 884 3295 s,
919 3230 1057 3314 iijd.
1093 3250 1183 3294 sc,
1217 3229 1284 3312 iij
1319 3230 1428 3293 ob.
1463 3228 1552 3293 ad
1583 3228 1627 3293 f.
1662 3228 1726 3293 S.
1762 3228 1849 3293 M.
1882 3229 1951 3292 in
1982 3230 2047 3293 h.
2082 3236 2151 3293 et
2180 3229 2248 3312 iij
2285 3230 2394 3293 ob.
2428 3229 2518 3293 ad
2550 3227 2747 3293 Pent.

523 3356 648 3419 pro
691 3336 877 3399 omni
921 3334 1205 3399 seculari
1239 3332 1604 3398 exaccione
1653 3332 1777 3414 (45)
1824 3338 1893 3396 et
1925 3332 2291 3397 demanda.
2389 3334 2482 3397 Et
2516 3338 2595 3397 ut
2628 3333 2755 3397 hec

523 3460 675 3504 mea
703 3439 994 3504 donacio
1022 3444 1088 3501 et
1117 3438 1257 3522 qui.
1288 3436 1414 3501 cla.
1448 3436 1532 3500 de
1559 3456 1670 3500 me
1698 3443 1766 3501 et
1796 3436 1935 3501 her.
1968 3457 2057 3501 m.
2092 3436 2159 3500 in
2191 3456 2378 3521 perp.
2412 3458 2453 3501 a
2481 3437 2755 3501 nemine

523 3544 590 3608 in
650 3544 940 3627 posteris
999 3541 1424 3625 temporibus
1482 3540 1698 3624 possit
1762 3540 2060 3624 infringi,
2122 3560 2222 3624 pr.
2282 3560 2409 3606 scr.
2470 3540 2593 3625 sig.
2658 3561 2749 3605 tn.

524 3647 960 3731 apposicione
1000 3645 1339 3710 roboraui.
1437 3643 1525 3707 H.
1570 3650 1622 3708 t.
1669 3644 1864 3707 Pet’o
1904 3644 1989 3707 de
2032 3644 2283 3727 Eyuill,
2327 3650 2397 3708 et
2438 3645 2703 3709 ceteris

958 3821 1132 3903 (151)
1187 3820 1300 3885 DE
1350 3836 1625 3885 EODEM.
1725 3819 2023 3901 (Similar
2065 3823 2320 3905 grant).

707 3978 810 4043 Se.
869 3998 1051 4042 omn.
1111 3981 1257 4040 tam
1305 3994 1478 4059 pres,
1530 3994 1741 4059 quarn
1790 3974 1917 4039 fut.
1970 3975 2157 4058 quod
2210 3995 2336 4059 ego
2391 3975 2599 4041 Walt.
2658 3976 2750 4042 fil.

532 4082 783 4147 Ketelli
821 4081 906 4145 de
942 4080 1171 4163 Ripon
1209 4078 1367 4143 dedi
1403 4098 1591 4143 cone.
1633 4088 1701 4143 et
1751 4079 1813 4142 h.
1858 4098 1923 4162 p.
1964 4099 2020 4143 e.
2060 4098 2152 4143 m.
2192 4080 2371 4143 conf.
2414 4079 2499 4143 de
2536 4100 2647 4144 me
2682 4087 2753 4145 et

529 4188 669 4252 her.
706 4207 822 4260 m.,
857 4191 1088 4249 totum
1125 4183 1235 4267 jus
1273 4182 1462 4267 quod
1506 4182 1719 4247 habui
1764 4182 1874 4246 vel
1918 4182 2170 4246 habere
2212 4182 2410 4265 potui
2454 4184 2525 4248 in
2570 4184 2747 4249 med.

529 4290 687 4355 tofti
723 4290 855 4353 mei
888 4290 956 4354 in
993 4287 1220 4372 Ripon
1253 4307 1410 4351 cum
1443 4286 1685 4350 maiori
1717 4286 1925 4351 domo
1956 4306 2110 4351 mea
2141 4285 2331 4370 quod
2362 4286 2541 4351 iacet
2573 4287 2753 4352 inter

528 4392 948 4478 prebendam
989 4412 1124 4477 que
1166 4391 1296 4455 fuit
1339 4392 1517 4455 bone
1559 4390 1884 4454 memorie
1924 4390 2065 4454 d'ni
2109 4389 2316 4455 W111’i
2358 4390 2443 4455 de
2484 4392 2753 4456 Orliens

528 4498 880 4583 quondam
912 4494 1235 4561 Canonici
1271 4493 1520 4578 Ripon'
1555 4501 1624 4558 et
1658 4493 1915 4558 toftum
1948 4493 2268 4558 Elianore
2299 4493 2385 4559 de
2418 4494 2747 4561 Midelton
