3217 5117
1184 444 1372 507 Acrs
1419 460 1510 507 OF
1555 442 1914 509 CHAPTER.
2544 459 2666 525 125

441 623 1174 689 excommunicacionis
1217 622 1568 688 sentencia
1612 643 1823 707 quam
1869 624 2140 687 racione
2185 622 2666 707 occupacionis

443 729 862 794 detencionis
930 736 1001 792 et
1071 727 1719 813 impedimentorum
1791 727 2255 812 predictorum
2324 728 2665 811 dampna-

443 833 670 898 biliter
738 834 1148 907 incurrebat,
1222 832 1570 897 humiliter
1640 831 1848 915 pecijt
1920 852 1989 895 se
2060 832 2343 897 absolui.
2441 832 2662 905 Vnde,

443 939 732 1022 prestita
813 937 1174 1035 sufficienti
1257 938 1580 1001 caucione
1665 936 1748 1000 de
1829 936 2305 1002 satisfaccione
2388 937 2664 1001 realiter

444 1042 835 1127 prestanda,
859 1042 1088 1107 dictus
1108 1041 1637 1127 penitenciarius
1658 1049 1726 1105 et
1747 1042 2254 1106 commissarius
2274 1041 2659 1125 predictum

447 1146 790 1232 Rogemm
835 1167 876 1211 a
920 1146 1106 1210 dicta
1151 1146 1885 1209 excommunicacionis
1928 1146 2277 1211 sentencia
2324 1147 2391 1211 in
2440 1146 2661 1211 forma

445 1252 608 1315 iuris
677 1251 994 1315 absoluit.
1093 1250 1182 1314 Et
1257 1250 1553 1315 iniunxit
1627 1250 1845 1315 eidem
1922 1250 2189 1334 Rogero
2260 1251 2327 1315 in
2399 1250 2661 1316 virtute

444 1356 808 1420 iuramenti
847 1356 916 1418 in
957 1355 1084 1419 hac
1122 1360 1318 1438 parte
1359 1354 1648 1437 prestiti,
1688 1354 1874 1438 quod
1914 1353 1999 1418 de
2036 1360 2263 1419 cetero
2301 1356 2390 1419 ab
2430 1356 2659 1420 huius-

444 1458 629 1523 modi
703 1459 1090 1524 excessibus
1163 1480 1233 1522 se
1308 1460 1677 1531 abstineat,
1754 1465 1822 1522 et
1898 1478 2012 1523 eos
2085 1460 2155 1524 in
2230 1459 2441 1525 futur’
2520 1481 2658 1525 non

446 1562 861 1637 committat,
928 1564 1252 1648 quodque
1315 1584 1439 1647 pro
1503 1563 1867 1627 commisso
1931 1562 2103 1629 duos
2166 1584 2395 1629 cereos
2458 1566 2661 1630 vnius

445 1668 595 1732 libri
621 1668 710 1733 ad
736 1689 1061 1753 magnum
1089 1669 1302 1733 altare
1327 1667 1602 1732 ecclesie
1626 1668 1930 1751 predicte
1956 1668 2199 1733 offerat
2226 1674 2295 1732 et
2320 1668 2654 1735 dimittat.

916 1821 1091 1905 (198)
1154 1820 1653 1903 (Presentation
1705 1828 1778 1885 to
1825 1821 2185 1905 Chantry).

620 1952 1138 2016 Memorandum
1193 1951 1381 2036 quod
1435 1951 1588 2035 iiijto
1634 1951 1742 2014 die
1798 1950 2209 2016 Nouembris
2271 1952 2661 2017 feoffatores

447 2062 778 2121 terrarum
826 2057 967 2120 d’ni
1017 2055 1297 2119 Will'mi
1347 2056 1729 2141 Ynggelby‚
1779 2056 2037 2131 militis,
2088 2062 2659 2140 presentauerunt

444 2161 635 2225 d’nm
695 2161 1086 2245 Johannem
1148 2159 1433 2243 Arnclyf
1492 2160 1581 2224 ad
1643 2160 2038 2225 Cantariam
2100 2161 2169 2225 in
2229 2161 2492 2245 capella
2552 2162 2656 2226 be.

447 2266 654 2330 Marie
695 2266 964 2350 Rypon'
1005 2266 1312 2350 capitulo
1351 2265 1648 2329 Ecclesie
1686 2265 2052 2349 Collegiate
2093 2265 2365 2349 Ripon’.

1450 2421 1651 2503 (199)-

622 2551 799 2615 Item
841 2550 909 2614 in
953 2551 1129 2615 festo
1170 2550 1301 2614 S’ci
1344 2549 1681 2614 Theodori
1725 2549 2043 2626 MartiriS,
2088 2550 2389 2615 Thomas
2428 2552 2659 2627 Orme,

444 2654 752 2719 Vicarius
787 2655 1060 2719 ecclesie
1097 2655 1180 2719 de
1216 2655 1608 2728 Farnham,¹
1640 2674 1817 2719 vnus
1844 2654 2280 2720 feoffatorum
2316 2656 2483 2721 dieti
2518 2656 2661 2721 d'ni

2782 1974 2911 2031 1358
2941 1972 2959 2020 ?
2988 1978 3001 2000 ¹

2780 2039 2919 2086 Nov.
2951 2054 2998 2099 4.

2784 2560 2912 2619 ¹358
2940 2558 2959 2607 ?
2984 2563 2997 2585 ¹

2778 2626 2917 2674 Nov.
2947 2640 2996 2679 o.

443 2758 719 2824 Will’mi
769 2759 1082 2824 exhibuit
1131 2758 1551 2842 presenciam
1598 2778 1817 2834 suam,
1868 2758 2310 2825 certificando
2356 2761 2660 2846 capitulo
2716 2814 2723 2819 .

443 2862 527 2928 de
584 2863 712 2928 sibi
771 2870 940 2928 nota
997 2863 1364 2927 vacacione
1421 2863 1726 2927 cantarie
1784 2863 2109 2946 predicte,
2172 2865 2490 2929 videlicet
2550 2866 2659 2930 die

444 2966 634 3033 Lune
672 2968 985 3051 proximo
1021 2973 1183 3030 ante
1222 2966 1473 3031 festum
1513 2966 1644 3031 S’ci
1686 2967 2085 3032 MichaeliS.²

745 3122 919 3203 (200)
959 3121 1071 3185 An
1104 3127 1286 3203 eutr—v
1320 3121 1386 3201 of
1423 3138 1500 3199 13
1533 3120 1725 3196 linesi,
1762 3120 2079 3204 carefully
2112 3122 2353 3188 erased.

727 3276 928 3357 (201).
985 3276 1194 3357 (Oath
1243 3276 1315 3339 of
1349 3276 1717 3340 obedience
1754 3282 1828 3340 to
1865 3277 1982 3340 the
2019 3275 2366 3362 Chapter).

617 3404 719 3467 Ye
762 3404 998 3468 shalbe
1041 3411 1209 3468 trew
1252 3404 1389 3468 and
1436 3411 1601 3468 trew
1644 3404 1900 3488 mynde
1945 3407 2114 3489 beyr
2157 3413 2230 3470 to
2274 3408 2411 3471 this
2459 3408 2654 3492 Kyrk

437 3508 576 3573 and
616 3508 902 3592 Capitur
941 3508 1311 3572 obbedient
1357 3516 1428 3572 to
1471 3510 1588 3572 the
1632 3509 2093 3575 Residenciari
2136 3510 2296 3576 And
2336 3512 2656 3578 Chauons

437 3614 590 3677 ther
627 3618 926 3695 secretys
967 3612 1205 3696 trewly
1245 3614 1425 3696 keyp
1465 3613 1763 3698 deligent
1805 3614 1873 3679 in
1916 3614 2259 3701 fulfylyng
2298 3616 2370 3680 of
2408 3617 2497 3681 all
2540 3620 2655 3683 the

436 3718 711 3801 cherges
749 3718 1136 3802 belongyng
1172 3722 1247 3781 to
1284 3732 1400 3800 yor
1435 3717 1648 3782 office.

434 3888 516 3957 55
557 3899 617 3944 v.
721 3873 896 3955 (202)
959 3872 1210 3955 (Royal
1264 3871 1467 3936 letter
1511 3873 1943 3958 authorizing
1988 3895 2074 3939 an
2120 3876 2518 3961 exchange).

612 3999 967 4077 RicarduS‚
1021 4002 1146 4065 Dei
1196 4001 1444 4085 gracia·
1477 4002 1627 4068 Rex
1676 4002 1919 4087 Anglie
1968 4009 2035 4067 et
2090 4004 2330 4069 Franc'
2382 4010 2452 4070 et
2501 4006 2656 4070 d’ns

435 4104 783 4181 Hibernie,
813 4106 1079 4170 dilectis
1107 4106 1233 4169 sibi
1265 4106 1336 4170 in
1365 4126 1502 4189 xpo
1531 4106 1851 4189 Capitulo
1880 4106 2229 4193 Collegiat’
2263 4108 2347 4174 de
2380 4108 2651 4194 Rypon,

431 4210 748 4275 salutem.
873 4210 1044 4275 Cum
1120 4210 1350 4275 dilecti
1429 4211 1627 4274 nobis
1719 4210 2064 4277 Robertus
2153 4212 2237 4275 de
2330 4212 2650 4290 Manfeld,

577 4379 588 4401 ¹
633 4374 910 4439 Probably
940 4375 1218 4424 Farnham
1248 4390 1378 4423 near
1413 4375 1896 4439 Knaresborough.

571 4470 592 4492 ²
628 4464 745 4513 The
771 4465 990 4525 writing
1015 4464 1073 4514 of
1112 4466 1266 4513 these
1295 4469 1407 4513 two
1433 4465 1637 4513 entries
1665 4467 1773 4513 and
1804 4467 1861 4514 of
1890 4466 1991 4516 No,
2038 4480 2139 4514 200
2176 4482 2352 4519 seems
2392 4472 2453 4517 to
2492 4470 2559 4517 be
2598 4470 2655 4519 of

424 4546 524 4596 the
549 4558 705 4593 same
724 4544 856 4595 date
883 4558 943 4593 as
971 4545 1098 4594 that
1123 4544 1182 4593 οἱ
1209 4545 1311 4594 No,
1349 4558 1462 4607 197.

2724 3146 2789 3194 24
2816 3135 2966 3199 Sept.
2998 3136 3051 3183 in

2814 3206 2960 3264 1358.

2806 3433 2975 3491 1358!

2758 4036 2907 4139 Νὲὶς.)
2912 4037 2958 4137 7¹·
2970 4104 3011 4151 5.
