3217 5117
1176 449 1364 514 Acrs
1410 468 1500 515 OF
1547 447 1905 515 CHAPTER.
2523 462 2648 530 247

435 625 759 692 dentatas
820 628 1000 693 inter
1059 629 1324 693 dictum
1385 629 1774 694 venerabile
1836 629 2231 714 Capitulum
2293 634 2363 692 et
2425 621 2650 711 ipsum

436 731 735 815 plenarie
812 733 1159 798 faciendas
1236 734 1514 818 recipiet
1592 740 1663 798 et
1740 754 1820 798 ea
1896 754 2054 799 cum
2132 734 2220 798 ab
2297 734 2426 797 hac
2501 730 2650 795 luce

436 836 832 920 migrauerit
857 838 966 901 vel
994 838 1192 902 aliter
1216 838 1810 923 qualitercumque
1837 840 1926 902 ab
1953 836 2342 902 huiusmodi
2371 835 2650 900 ecclesia

434 946 505 1004 et
547 942 857 1006 cantaria
900 942 1247 1006 recesserit
1291 941 1512 1006 eidem
1556 942 1876 1026 Capitulo
1920 949 1990 1007 et
2033 942 2172 1006 suis
2215 941 2285 1005 in
2329 961 2410 1004 ea
2452 945 2649 1025 parte

434 1043 785 1128 deputatis
837 1046 1180 1110 retradere
1233 1053 1300 1110 et
1355 1046 1640 1110 liberare
1693 1045 1985 1110 fideliter
2037 1052 2378 1121 teneatur,
2437 1050 2506 1108 et
2559 1043 2648 1108 ad

433 1169 567 1233 que
604 1150 834 1214 omnia
871 1157 939 1214 et
976 1151 1242 1234 singula
1278 1151 1677 1234 supradicta
1712 1151 1808 1214 sic
1845 1156 1924 1214 vt
1962 1150 2301 1234 prefertur
2336 1147 2651 1213 facienda

435 1259 503 1317 et
550 1253 639 1317 ad
684 1255 861 1318 hanc
904 1261 1212 1319 nostram
1258 1254 1766 1319 ordinacionem
1811 1255 2098 1318 firmiter
2140 1255 2647 1338 imperpetuum

434 1358 957 1434 obseruandam‚
1012 1359 1321 1443 prefatus
1368 1358 1520 1423 d'ns
1569 1358 1866 1423 Rob’tus
1913 1358 1997 1422 de
2044 1358 2333 1432 Witton,
2389 1356 2650 1442 primus

433 1461 616 1525 dicte
640 1461 959 1526 Cantarie
984 1462 1410 1546 CapellanuS,
1438 1468 1509 1526 et
1536 1463 1751 1527 futuri
1775 1482 2191 1526 successores
2215 1461 2320 1526 sui
2344 1460 2648 1526 eiusdem

432 1565 750 1630 Cantarie
782 1566 1129 1650 Capellani
1162 1587 1397 1631 omnes
1429 1573 1498 1630 et
1530 1566 1775 1650 singuli
1811 1567 1900 1631 ad
1931 1567 2220 1631 eandem
2252 1565 2648 1630 Cantariam

430 1690 551 1754 per
628 1669 1025 1754 Capitulum
1087 1671 1525 1746 admittendi,
1583 1677 1653 1735 et
1726 1671 1795 1734 in
1862 1670 2101 1734 eadem
2163 1669 2487 1734 canonice
2547 1668 2648 1734 in-

430 1773 763 1838 stituendi
796 1780 866 1838 et
906 1775 1293 1849 inducendi,
1328 1775 1783 1839 incontinenti
1818 1781 1975 1858 post
2009 1774 2152 1839 eius
2183 1780 2253 1838 et
2285 1773 2648 1838 cuiuslibet

431 1877 803 1942 eorundem
870 1879 938 1941 in
1001 1900 1081 1942 ea
1142 1885 1339 1963 parte
1401 1879 1884 1943 admissionem
1944 1879 2090 1942 siue
2152 1877 2646 1953 induccionem,

432 2003 663 2046 coram
712 1982 1127 2047 admittente
1176 1982 1567 2047 huiusmodi
1606 1983 1716 2047 vel
1759 1983 2150 2047 conferente
2188 2002 2644 2066 quocumque,

434 2086 523 2152 ad
565 2093 808 2151 sancta
852 2087 979 2151 Dei
1025 2088 1401 2173 Euangelia
1446 2108 1567 2171 per
1608 2087 1834 2170 ipsum
1879 2093 1947 2151 et
1992 2107 2228 2151 eorum
2270 2086 2648 2171 quemlibet

432 2191 878 2276 corporaliter
936 2198 1127 2256 tacta
1186 2192 1522 2276 prestabit
1583 2198 1653 2255 et
1714 2194 2124 2276 prestabunt
2184 2191 2647 2255 iuramentum

432 2296 501 2360 in
568 2297 698 2360 hoc
762 2317 945 2371 casu,
1014 2297 1317 2380 alioquin
1384 2297 1595 2380 ipsius
1661 2295 2008 2380 Capeliani
2072 2296 2192 2381 qui
2257 2294 2648 2360 huiusmodi

428 2399 897 2465 iuramentum
979 2422 1117 2465 non
1195 2400 1574 2485 prestiterit
1650 2400 1972 2464 admissio
2047 2407 2116 2464 et
2192 2399 2504 2464 induccio
2579 2399 2648 2462 in

428 2503 827 2568 Cantariam
865 2504 1246 2588 predictam
1286 2504 1472 2568 omni
1516 2501 1653 2586 (85)·
1687 2504 1918 2588 vigore
1956 2510 2235 2568 careant
2268 2510 2338 2567 et
2375 2503 2645 2567 effectu.

430 2608 767 2672 Volumus
816 2608 1093 2692 insuper
1140 2615 1209 2672 et
1260 2614 1495 2673 tenore
1544 2609 1970 2692 presencium
2019 2607 2416 2672 ordinamus
2463 2606 2651 2691 quod

431 2712 1056 2797 quocienscumque
1138 2719 1205 2776 et
1287 2713 1866 2797 quandocumque
1947 2711 2309 2797 contigerit
2392 2710 2652 2775 dictam

435 2816 835 2881 Cantariam
872 2815 1329 2901 quouismodo
1367 2837 1634 2891 vacare,
1676 2816 1866 2901 quod
1905 2815 2294 2880 huiusmodi
2335 2815 2654 2879 Cantarie

437 2920 526 2984 ad
576 2919 793 2985 altare
842 2921 1228 3005 predictum
1278 2920 1579 2996 collacio‚
1634 2920 2006 2995 insfitucio,
2059 2919 2394 2994 inducci0,
2447 2918 2653 2983 desti-

434 3024 643 3099 tuci0‚
697 3031 765 3088 et
817 3024 1216 3088 omnimoda
1265 3023 1629 3108 disposicio
1681 3023 1768 3087 ad
1818 3023 2204 3108 predictum
2256 3022 2653 3107 Capitulum

432 3129 592 3193 eccl.
638 3128 801 3193 Coll.
849 3128 1099 3213 Ripon'
1142 3128 1466 3213 predicte,
1503 3128 1710 3192 modo
1742 3128 2129 3212 subscripto
2161 3127 2279 3191 vni
2320 3132 2653 3210 perpetuo

433 3232 804 3317 Capellano
862 3233 1132 3316 ydoneo
1192 3238 1259 3296 et
1320 3233 1609 3296 honesto
1668 3232 1756 3296 ad
1816 3231 2050 3297 diuina
2108 3230 2509 3295 celebranda
2572 3236 2652 3293 vt

432 3337 775 3421 prefertur
832 3336 920 3401 ad
980 3336 1195 3401 altare
1254 3336 1662 3421 predictum,
1714 3342 1782 3400 et
1840 3336 1908 3400 in
1958 3335 2238 3399 ecclesia
2294 3335 2654 3420 collegiata

432 3440 744 3526 predicta
772 3441 1282 3526 imperpetuum
1310 3440 1703 3525 pertinebit,
1736 3446 1803 3504 et
1831 3439 2020 3525 quod
2048 3439 2229 3504 idem
2257 3438 2651 3522 Capitulum

432 3545 695 3610 dictam
761 3545 1159 3610 Cantariam
1224 3545 1402 3630 gilde
1469 3551 1538 3609 et
1606 3543 1842 3609 altaris
1907 3544 2191 3629 predict.
2262 3542 2652 3607 huiusmodi

433 3649 803 3734 Capellano
881 3650 1059 3714 infra
1138 3670 1441 3714 mensem
1520 3671 1561 3712 a
1641 3656 1948 3733 tempore
2025 3654 2188 3712 note
2265 3647 2654 3711 vacacionis

433 3753 737 3819 eiusdem
811 3753 1094 3838 singulis
1169 3753 1622 3818 vacacionum
1699 3751 2124 3836 temporibus
2198 3751 2507 3815 conferat
2583 3756 2653 3814 et

433 3858 733 3943 assignet
796 3879 878 3922 ac
938 3857 1169 3923 induci
1234 3857 1445 3922 faciat
1507 3877 1666 3921 cum
1729 3856 1868 3920 suis
1930 3855 2192 3920 iuribus
2255 3855 2323 3918 in
2386 3854 2647 3919 eadem.

433 3963 525 4027 Et
571 3963 627 4026 si
675 3961 1061 4047 predictum
1108 3962 1504 4047 Capitulum
1551 3961 1729 4025 infra
1774 3980 2079 4024 mensem
2125 3958 2516 4023 huiusmodi
2564 3958 2652 4023 ad

432 4067 693 4131 dictam
781 4066 1179 4131 Cantariam
1266 4067 1410 4130 siue
1499 4065 1964 4149 Capellaniam
2053 4063 2138 4127 de
2225 4062 2495 4146 ydoneo
2583 4069 2653 4126 et

432 4171 794 4236 sufficienti
852 4171 1220 4255 Capellano
1278 4169 1367 4234 ad
1423 4169 1661 4233 divina
1717 4167 2124 4233 celebranda
2179 4173 2258 4231 vt
2315 4167 2655 4251 prefertur

432 4296 570 4339 non
647 4274 1044 4359 prouiderit,
1126 4295 1205 4338 ac
1280 4273 1723 4338 collacionem
1787 4279 1856 4336 et
1925 4271 2399 4336 induccionem
2474 4271 2653 4334 sicut

434 4385 841 4444 consuetum
894 4385 998 4442 est
1052 4385 1122 4442 et
1176 4378 1261 4442 de
1315 4377 1458 4442 iure
1512 4377 1656 4440 fieri
1712 4377 1918 4441 debet
1972 4376 2042 4439 in
2098 4374 2250 4459 alijs
2304 4373 2654 4457 beneficijs

434 4482 903 4548 ecclesiasticis
932 4481 1325 4547 huiusmodi
1355 4481 1724 4566 Capellano
1753 4480 1932 4544 infra
1963 4485 2236 4563 tempus
2265 4477 2652 4563 predictum

2703 2503 2940 2552 Patrons
2958 2503 3054 2552 the

2715 2569 2958 2632 Chapter
2983 2571 3042 2618 οἱ

2776 2635 2844 2684 Ri
2849 2651 2978 2700 pon.
