3217 5117
1139 422 1327 487 Acrs
1374 438 1464 487 or
1511 421 1871 488 CHAPTER.
2490 419 2620 504 287

575 602 1044 668 Concessimus
1108 603 1388 687 insuper
1451 607 1521 666 et
1585 621 1707 686 per
1771 606 2120 686 presentes
2186 600 2626 666 concedimus
2714 604 3005 682 Mofeover

401 705 622 794 eidem
664 707 1122 773 sacratissime
1162 713 1388 771 vestre
1431 706 1785 791 magistati
1827 713 1908 771 vt
1950 707 2019 771 in
2062 707 2377 791 qualibet
2420 705 2629 770 missa
2656 672 3056 804 thaggpzsry

403 810 779 896 Capitulari
843 811 932 877 ad
995 810 1276 896 aliquod
1341 812 1558 876 altare
1621 811 1897 877 ecclesie
1960 817 2193 876 nostre
2257 810 2629 896 Collegiate
2786 820 2933 856 mass

403 916 752 981 antedicto
779 937 900 1001 per
926 917 1226 1001 aliquem
1254 922 1570 981 nostrum
1597 915 1709 980 vel
1737 936 2205 981 successorum
2234 922 2628 981 nostrorum

405 1027 529 1085 aut
579 1021 878 1106 aliquem
928 1021 1350 1086 Canonicum
1399 1020 1818 1085 confratrem
1869 1027 2186 1086 nostrum
2236 1020 2381 1087 siue
2430 1018 2629 1084 mini-

407 1131 628 1190 strum
676 1145 1182 1211 quemcumque
1231 1125 1663 1201 celebranda,
1716 1126 1957 1189 statim
2008 1131 2167 1209 post
2219 1125 2629 1191 fraccionem
2698 1124 2871 1238 {aster
2899 1126 2996 1175 the

408 1231 628 1294 hostie
671 1237 740 1296 et
783 1231 1344 1295 decantacionem
1387 1229 1497 1294 vel
1540 1231 1909 1295 leccionem
1955 1230 2084 1295 Per
2125 1230 2359 1296 omnia
2401 1230 2630 1296 secula
2658 1195 2935 1318 ὼξᾶζὲζῗ
2952 1195 3060 1309 gd

407 1335 809 1411 seculorum,
856 1341 926 1399 et
970 1341 1132 1400 ante
1175 1333 1690 1400 incohacionem
1736 1335 1881 1398 Pax
1933 1334 2233 1410 Domini,
2279 1334 2630 1400 celebrans
2692 1326 2840 1440 mih?
2869 1327 2970 1443 ¹³³2

408 1439 552 1523 ipse
617 1460 756 1504 vna
819 1460 977 1504 cum
1042 1439 1168 1503 sibi
1237 1439 1718 1504 assistentibus
1783 1439 2111 1518 ministris
2177 1439 2359 1504 inter
2422 1459 2493 1503 se
2559 1445 2629 1503 et
2681 1409 2809 1508 ‘anzi
2832 1408 3039 1510 (ι’)ἐῗοξέ

412 1545 658 1608 chor-us
741 1544 1052 1608 similiter
1134 1550 1542 1627 prostratuS,
1630 1545 1809 1607 inter
1888 1563 1961 1608 se
2046 1564 2171 1628 pro
2254 1543 2477 1608 salute
2558 1549 2629 1607 et
2741 1527 2837 1576 ὼε
2866 1528 2915 1576 P
2915 1544 2984 1577 “²

413 1649 885 1714 incolumitate
927 1670 1007 1713 ac
1047 1668 1370 1734 prospero
1411 1655 1480 1712 et
1522 1648 1699 1713 felici
1738 1653 1930 1713 statu
1972 1648 2359 1734 magistatis
2400 1654 2630 1712 vestre
2674 1593 3043 1712 Dggi'gfflhttxltoe

413 1753 693 1839 singulis
769 1754 1010 1818 diebus
1086 1752 1318 1838 quoad
1395 1752 1704 1818 uixeritis
1781 1753 2083 1836 psalmos
2160 1759 2229 1817 et
2306 1753 2633 1837 suffragia
2702 1730 3024 1846 ἲαᾞξξῇξῇ

410 1859 774 1943 sequencia
799 1858 1029 1923 dicent
1055 1864 1125 1922 et
1150 1858 1397 1942 legent,
1438 1856 1779 1932 videlicet,
1823 1856 2173 1922 Exaudiat
2200 1863 2269 1922 te
2294 1856 2633 1922 Dominus
2684 1877 2823 1926 pray
2851 1863 2937 1912 for
2962 1864 3047 1912 his

408 1962 477 2027 in
535 1962 645 2026 die
704 1962 1190 2038 tribulacioniS,
1253 1968 1322 2026 et
1379 1968 1626 2038 cetera,
1688 1969 1757 2026 et
1815 1962 2159 2045 psalmum
2217 1961 2512 2027 Domine
2562 1961 2631 2026 in
2684 1931 3041 2047 goffiilegsffite

410 2067 671 2131 virtute
731 2074 855 2132 tua
915 2066 1249 2131 letabitur
1306 2085 1445 2142 rex,
1508 2073 1576 2130 et
1638 2073 1884 2142 cetera,
1946 2087 2105 2131 cum
2164 2086 2335 2131 verS.
2400 2065 2633 2131 Gloria
2714 2065 3008 2180 liveahanq

414 2171 624 2247 Patri,
659 2178 814 2247 etc„
850 2172 1041 2237 Sicut
1072 2176 1242 2246 erat,
1276 2177 1429 2246 etc.,
1458 2170 1549 2235 ad
1580 2170 1787 2234 finem
1814 2171 2172 2255 Vtriusque
2197 2171 2466 2255 psalmi,
2494 2191 2635 2235 vna
2691 2138 2899 2263 Ρζῖῗῃξε
2917 2147 3040 2248 ῗᾷα

413 2296 571 2341 cum
647 2275 1104 2360 Kyrielayson
1177 2275 1353 2359 xpel’
1434 2274 1692 2358 Kyriel.
1790 2275 1997 2340 Pater
2057 2281 2289 2339 noster
2348 2282 2418 2340 et
2487 2275 2638 2340 Aue
2716 2267 3001 2330 suflrages.

420 2379 655 2456 Maria,
720 2379 966 2444 deinde
1028 2379 1388 2444 Confrater
1449 2385 1684 2444 noster
1726 2380 1871 2445 siue
1928 2379 2239 2445 Minister
2290 2379 2641 2444 celebrans

419 2484 621 2560 dicet,
662 2491 731 2548 et
763 2486 1010 2549 chorus
1041 2490 1120 2549 vt
1153 2483 1362 2548 moris
1393 2492 1517 2560 est,
1554 2485 1647 2548 Et
1682 2504 1767 2548 ne
1800 2504 1925 2549 nos
1958 2471 2267 2561 inducas
2298 2489 2427 2550 ete.
2509 2483 2642 2549 Sed

419 2588 631 2653 libera
663 2609 808 2662 nos,
846 2595 974 2653 etc,
1073 2588 1383 2672 Exurgat
1421 2588 1608 2653 Deus
1643 2593 1712 2652 et
1748 2588 2169 2673 dissipentur
2203 2588 2456 2653 inimici
2494 2587 2639 2653 eius

421 2699 491 2757 et
537 2693 805 2778 fugiant
852 2693 971 2777 qui
1022 2692 1316 2757 oderunt
1349 2713 1506 2756 eum
1539 2713 1580 2756 a
1621 2693 1792 2756 facie
1824 2693 1987 2768 eiuS,
2040 2693 2333 2758 Domine
2364 2694 2637 2759 saluum

422 2798 529 2862 fac
566 2817 791 2882 regem
828 2803 1142 2861 nostrum
1182 2797 1558 2862 Hem-icum
1592 2796 1979 2880 Septimum
2019 2804 2087 2861 et
2122 2797 2373 2862 exaudi
2405 2818 2529 2862 nos
2566 2797 2638 2862 in

421 2901 528 2966 die
578 2923 717 2987 qua
768 2901 1314 2967 inuocauerimus
1366 2907 1456 2976 te,
1509 2901 1713 2964 mitte
1764 2901 1823 2964 ei
1876 2901 2208 2966 auxilium
2260 2902 2345 2967 de
2396 2908 2639 2967 sancto

422 3011 494 3071 et
525 3005 609 3070 de
642 3007 826 3090 Syon
862 3011 1053 3070 tuere
1085 3025 1262 3070 eum.
1351 3005 1524 3070 Esto
1557 3005 1617 3068 ei
1652 3005 1944 3069 Domine
1976 3005 2183 3070 turris
2214 3005 2641 3071 fortitudini3

425 3132 466 3175 a
515 3110 684 3175 facie
732 3109 1012 3186 inimici,
1066 3109 1294 3174 Nichil
1343 3109 1658 3194 proficiat
1710 3109 2023 3174 inimicus
2072 3110 2141 3174 in
2191 3131 2291 3188 e0‚
2345 3115 2414 3174 et
2466 3110 2643 3176 filius

428 3214 811 3300 iniquitatis
865 3235 1002 3279 non
1059 3221 1366 3298 apponat
1422 3233 1664 3278 nocere
1718 3215 1798 3278 ei.
1896 3215 2233 3279 Dominus
2285 3223 2643 3279 conseruet

425 3339 581 3383 eum
629 3325 699 3384 et
746 3317 1051 3383 vivificet
1099 3338 1256 3383 eum
1305 3323 1374 3382 et
1425 3319 1711 3383 beatum
1761 3319 1973 3383 faciat
2012 3340 2169 3384 eum
2208 3318 2277 3383 in
2318 3325 2521 3396 terra,
2574 3326 2644 3384 et

425 3444 562 3488 non
617 3423 853 3489 tradat
907 3443 1064 3488 eum
1121 3423 1187 3487 in
1246 3422 1550 3488 animam
1604 3423 2038 3488 inimicorum
2092 3423 2255 3488 eius,
2352 3424 2644 3489 Domine

425 3527 549 3592 fiat
603 3548 740 3612 pax
796 3527 866 3591 in
920 3527 1183 3592 virtute
1239 3533 1383 3603 tua,
1443 3527 1535 3592 Et
1590 3527 2073 3592 habundancia
2136 3528 2229 3611 (in
2286 3529 2643 3612 turribus)1

426 3633 583 3698 tuis,
677 3632 970 3696 Domine
1016 3631 1266 3696 exaudi
1312 3632 1699 3696 oracionem
1744 3652 1991 3708 meam,
2041 3639 2111 3698 et
2155 3633 2413 3698 clamor
2454 3653 2647 3698 meus

427 3736 516 3801 ad
583 3736 726 3819 (te)¹
793 3735 1050 3801 veniat.
1147 3736 1488 3800 Dominus
1549 3735 1928 3802 vobiscum.
2026 3737 2118 3801 Et
2179 3757 2337 3801 cum
2400 3737 2645 3821 spiritu

427 3847 568 3905 tuo,
662 3841 971 3905 OremuS.
1068 3840 1177 3904 Da
1229 3860 1604 3924 quesumus
1656 3840 2093 3925 omnipotens
2146 3841 2333 3906 Deus
2385 3841 2647 3907 famulo

427 3951 550 4009 tuo
617 3945 786 4030 Regi
851 3951 1088 4010 nostro
1157 3945 1457 4010 Henrico
1524 3946 1834 4029 Septimo
1898 3946 2194 4010 salutem
2260 3947 2512 4010 mentis
2576 3953 2646 4011 et

426 4049 726 4134 corporis
781 4054 850 4113 et
908 4048 991 4113 de
1048 4049 1366 4114 hostibus
1424 4049 1876 4134 triumphum.
1936 4056 2016 4114 vt
2074 4051 2272 4115 bonis
2328 4052 2647 4135 operibus

428 4153 801 4219 inherendo
845 4159 968 4218 tua
1010 4173 1282 4238 semper
1324 4160 1671 4220 mereatur
1712 4155 2143 4238 proteccione
2186 4154 2481 4231 defendi,
2528 4175 2649 4239 per

429 4257 618 4342 Xpm
653 4258 1027 4323 Dominum
1059 4264 1391 4323 nostrum.
1487 4257 1659 4322 Cum
1686 4279 1849 4322 vero
1872 4261 1962 4323 ab
1987 4260 2115 4325 hac
2140 4260 2289 4325 luce
2314 4259 2647 4345 migraue-
2718 4270 2849 4347 ‘And
2879 4271 3025 4347 after

426 4363 596 4436 ritis,
639 4367 896 4428 extunc
935 4362 1003 4426 in
1045 4362 1235 4427 omni
1277 4363 1677 4448 supradicta
1717 4364 1923 4428 missa
1962 4364 2325 4448 capitulari
2365 4383 2487 4448 per
2524 4385 2649 4428 nos
2674 4337 3073 4454 ᾒξρᾱξῗζέῃζῗ

429 4467 539 4532 vel
581 4466 881 4551 aliquem
924 4487 1392 4532 successorum
1437 4473 1831 4533 nostrorum
1875 4474 1996 4534 aut
2042 4468 2340 4552 aliquem
2383 4469 2648 4534 confra-

572 4624 588 4648 '
627 4619 882 4672 Omitted
907 4621 966 4671 in
989 4620 1103 4672 MS.
