3217 5117
227 1134 459 1185 c.1233.

208 2946 442 2997 c.1233.

569 417 655 484 70
1146 401 1307 467 THE
1356 402 1670 473 INonAEY
1717 401 2211 468 MANuscRn’T.

562 579 764 663 Joh'e
809 580 894 645 de
942 580 1205 657 Hilton,
1254 580 1516 647 Gilb'to
1560 582 1646 647 de
1692 582 2066 657 Mortimer,
2117 580 2288 667 Rog’
2336 582 2422 647 de
2467 581 2787 666 Saynter,

562 684 852 750 Ernulfo
891 685 975 750 de
1016 686 1223 761 Disci,
1269 686 1414 751 Ric.
1462 686 1957 763 Inbreuiatore,
2002 685 2130 751 Ad.
2173 686 2388 771 Outy,
2432 691 2504 750 et
2547 686 2789 751 multis

560 788 730 854 aliis

1340 959 1515 1043 (100)
1570 959 1684 1023 DE
1732 976 2007 1024 EODEM.

736 1112 939 1177 Omn.
999 1112 1066 1176 h.
1128 1132 1251 1177 scr.
1314 1112 1452 1177 vid.
1507 1112 1638 1178 vel.
1691 1112 1875 1188 aud.,
1926 1112 2242 1178 Susanna
2297 1133 2473 1177 vxor
2532 1112 2784 1179 Ketelli

560 1215 813 1279 sutoris
865 1215 949 1280 de
1003 1215 1277 1300 Ripon'‚
1331 1217 1647 1282 salutem.
1744 1216 1806 1281 N
1812 1216 2033 1282 ouerit
2085 1216 2501 1283 vniuersitas
2550 1221 2786 1282 vestra

559 1339 669 1383 me
690 1318 825 1384 fide
845 1319 1075 1385 media
1095 1340 1307 1397 conc„
1332 1320 1472 1404 qui.
1498 1321 1650 1395 cla„
1674 1327 1746 1385 et
1768 1322 2102 1406 presentis
2123 1320 2360 1405 scripti
2383 1320 2783 1386 testimonio

557 1423 735 1488 conf.
783 1424 1043 1509 Mag'ro
1084 1423 1163 1489 G.
1208 1424 1292 1489 de
1336 1425 1537 1490 Lard'
1581 1430 1652 1489 et
1695 1425 1839 1490 eius
1882 1426 2126 1510 assign.
2172 1424 2242 1490 in
2285 1445 2502 1509 perp„
2549 1429 2778 1491 totum

554 1519 659 1591 ius
706 1533 776 1592 et
832 1528 1156 1595 clamium
1212 1530 1401 1613 quod
1462 1550 1770 1614 vnquam
1835 1530 2047 1595 habui
2108 1529 2217 1594 vel
2274 1530 2526 1596 habere
2583 1530 2780 1613 potui

552 1632 828 1697 nomine
860 1632 1043 1697 dotis
1074 1633 1145 1699 in
1178 1639 1362 1700 terra
1393 1633 1509 1699 illa
1538 1655 1752 1719 quam
1792 1634 2101 1700 Ketellus
2131 1634 2238 1698 vir
2275 1654 2469 1699 meus
2515 1634 2576 1697 ei
2615 1654 2778 1698 ven-

552 1735 728 1801 didit
776 1756 896 1821 per
938 1757 1344 1803 consensum
1384 1758 1637 1814 meum,
1671 1759 1884 1823 quarn
1916 1744 2172 1804 terram
2204 1738 2432 1803 dictus
2465 1736 2777 1803 Ketellus

552 1840 659 1905 vir
706 1861 898 1905 meus
944 1840 1172 1907 tenuit
1219 1841 1303 1906 de
1335 1842 1585 1925 Joh'ne
1620 1842 1704 1907 de
1737 1843 2006 1909 Lanum
2040 1843 2228 1927 apud
2261 1842 2546 1927 Speltre.
2643 1842 2776 1907 Pro

552 1944 683 2011 hac
720 1951 954 2011 autem
1000 1946 1102 2027 (32
1143 1947 1232 2023 ν.)
1277 1947 1517 2031 quieta
1562 1947 1962 2023 clamancia,
2005 1947 2232 2012 dictus
2271 1946 2350 2011 G.
2395 1946 2480 2011 de
2519 1945 2778 2013 Larder

551 2049 743 2113 dedit
768 2049 975 2115 michi
1000 2049 1379 2135 quamdam
1404 2072 1750 2117 summam
1785 2052 2069 2135 pecunie
2100 2051 2171 2117 in
2204 2071 2457 2137 magno
2488 2051 2774 2136 negocio

548 2174 722 2218 me0.
817 2153 927 2219 Ad
982 2154 1313 2220 maiorem
1368 2176 1533 2219 vero
1588 2155 1794 2222 huius
1849 2156 1942 2219 rei
1997 2155 2439 2220 securitatem
2497 2175 2774 2239 presens

546 2258 880 2343 scriptum
905 2259 1027 2343 sig.
1055 2280 1145 2323 m.
1176 2258 1245 2324 in
1279 2258 1624 2344 pressione
1657 2259 1995 2326 roboraui.
2092 2260 2180 2325 H.
2211 2265 2260 2324 t.
2293 2259 2490 2345 Rog.,
2519 2259 2768 2335 Will’o,

547 2368 617 2426 et
658 2362 943 2439 Math'o,
986 2363 1393 2448 Capellanis,
1431 2364 1579 2429 Ric.
1621 2364 2117 2440 Inbreuiatore,
2154 2364 2281 2430 Ad.
2317 2364 2508 2440 Outi,
2537 2362 2765 2429 Gilb’o

546 2466 629 2531 de
673 2466 1044 2544 Mortimer,
1088 2468 1378 2534 Ernulfo
1418 2470 1503 2533 de
1544 2469 1768 2546 Disce,
1807 2469 1976 2554 Rog.
2012 2469 2073 2533 le
2108 2468 2374 2553 Saynt',
2418 2474 2487 2533 et
2528 2469 2766 2535 multis

546 2571 715 2637 aliis.

1320 2752 1495 2834 (101)
1550 2754 1665 2818 DE
1713 2770 1988 2817 EODEM.

718 2908 920 2973 Vniv.
964 2908 1083 2993 xpi
1121 2908 1437 2974 fidelibus
1476 2909 1565 2975 ad
1604 2929 1778 2994 quos
1812 2928 1910 2993 pr.
1946 2928 2071 2973 scr.
2115 2908 2524 2993 peruenerit,
2567 2908 2765 2993 Joh’s

544 3013 627 3078 de
669 3013 960 3089 Lanum,
1003 3013 1318 3079 salutem.
1415 3013 1518 3079 Sc.
1563 3034 1674 3079 me
1713 3014 1868 3078 ded.
1913 3033 2100 3078 conc,
2147 3020 2215 3079 et
2257 3013 2323 3078 h.
2367 3034 2434 3097 p.
2479 3033 2536 3079 e.
2581 3014 2760 3078 conf.

546 3116 818 3182 Ketello
864 3118 1079 3183 sutori
1132 3118 1217 3181 de
1268 3117 1517 3202 Ripon’
1568 3124 1638 3181 et
1687 3119 1824 3182 her.
1876 3139 1928 3182 s.
1979 3118 2089 3181 vel
2141 3118 2285 3182 eius
2336 3117 2584 3204 assign.
2639 3138 2763 3202 pro

541 3221 862 3307 homagio
916 3228 985 3286 et
1040 3242 1215 3287 serv,
1274 3243 1420 3297 sun,
1478 3228 1706 3287 totam
1760 3229 1917 3288 terr.
1975 3242 2188 3307 quam
2243 3242 2367 3308 ego
2424 3228 2624 3287 teneo
2678 3222 2764 3287 de

542 3325 790 3392 Nich’o
832 3326 917 3390 de
968 3326 1238 3410 Hewyk
1287 3326 1357 3392 in
1410 3326 1757 3392 territorio
1806 3326 1892 3391 de
1945 3326 2172 3411 Ripon
2222 3326 2423 3392 iuxta
2473 3326 2760 3411 Speltre.

543 3429 817 3496 tenend.
857 3430 941 3495 de
974 3450 1083 3495 me
1117 3436 1185 3495 et
1220 3430 1359 3495 her.
1398 3450 1487 3495 m.
1524 3430 1595 3495 in
1631 3430 1833 3495 feodo
1866 3436 1936 3495 et
1970 3430 2374 3507 hereditate,
2409 3429 2475 3495 li.
2515 3436 2583 3495 et
2617 3430 2758 3515 qui.

545 3534 925 3600 Reddendo
970 3534 1126 3599 inde
1166 3534 1375 3599 michi
1418 3542 1487 3601 et
1531 3536 1671 3599 her.
1718 3555 1808 3599 m.
1856 3534 2219 3601 annuatim
2260 3535 2429 3619 vjd.,
2475 3556 2567 3600 sc.
2612 3534 2758 3619 iijd.

543 3640 633 3705 ad
668 3639 863 3704 Pent.
902 3644 971 3703 et
1005 3638 1148 3722 iijd.
1186 3640 1274 3704 ad
1308 3638 1353 3704 f.
1390 3638 1454 3704 S.
1492 3638 1581 3704 M.
1620 3659 1743 3724 pro
1775 3659 1957 3705 omn.
1995 3659 2169 3705 serv,
2206 3660 2390 3704 cons,
2428 3646 2496 3705 et
2532 3660 2759 3705 exacC.

543 3751 613 3809 et
652 3744 739 3810 ab
777 3744 963 3809 omni
1000 3764 1070 3808 re
1108 3744 1196 3809 ad
1230 3750 1481 3809 terram
1516 3744 1924 3828 pertinente.
2020 3744 2168 3829 Ego
2198 3744 2538 3829 siquidem
2570 3744 2758 3829 pred.

544 3848 780 3933 Joh’es
827 3854 896 3913 et
943 3847 1081 3913 her.
1133 3869 1222 3913 m.
1274 3848 1878 3913 warantizabimus
1939 3854 2008 3912 et
2070 3848 2516 3915 defendemus
2569 3849 2757 3933 pred.

544 3961 703 4018 terr.
740 3952 927 4037 pred.
972 3952 1242 4017 Ketello
1278 3959 1348 4017 et
1385 3954 1522 4017 her.
1560 3973 1612 4017 s.
1649 3953 1758 4017 vel
1795 3953 1938 4018 eius
1971 3951 2216 4038 assign.
2253 3960 2496 4019 contra
2527 3973 2762 4018 omnes

544 4059 615 4123 in
656 4056 994 4122 omnibus.
1090 4058 1223 4122 Pro
1262 4058 1392 4124 hac
1424 4064 1660 4123 autem
1693 4057 2070 4123 donacione
2100 4056 2283 4123 idem
2327 4056 2528 4122 Ketel
2569 4058 2761 4123 dedit

545 4162 754 4228 michi
796 4161 864 4226 in
898 4160 1233 4227 Gersuma
1269 4161 1338 4246 iij
1385 4182 1652 4227 marcas
1691 4162 1953 4247 argenti
1987 4181 2001 4237 ;
2051 4167 2130 4226 vt
2171 4169 2406 4228 autem
2446 4164 2570 4227 hec
2609 4184 2762 4228 mea

548 4265 839 4332 donacio
886 4288 927 4331 a
970 4266 1240 4331 nemine
1284 4266 1355 4331 in
1399 4267 1693 4351 posteris
1726 4266 2153 4350 temporibus
2197 4266 2414 4351 possit
2460 4267 2757 4353 infringi,

549 4376 938 4457 presentem
982 4368 1305 4456 paginam
1349 4371 1469 4456 sig.
1517 4391 1609 4435 m.
1647 4370 2085 4455 apposicione
2129 4372 2468 4437 roboraui.
2565 4372 2654 4437 H.
2706 4379 2754 4437 t.

550 4476 811 4562 Mag'ro
850 4474 931 4540 A.
977 4475 1061 4540 de
1104 4474 1439 4551 Richem',
1481 4475 1646 4541 d’no
1687 4475 1790 4540 W.
1834 4476 1920 4540 de
1959 4475 2248 4551 OrlienS,
2284 4475 2364 4541 G.
2401 4475 2486 4541 de
2529 4477 2758 4554 Lard',
