3217 5117
1130 467 1317 531 Acrs
1364 484 1455 531 oF
1502 468 1860 533 CHAPTER.
2487 484 2610 551 107

382 652 449 708 et
482 666 731 730 corpus
760 667 967 712 suurn
1000 647 1085 711 ad
1119 647 1586 731 sepeliendum
1619 648 1688 711 in
1719 647 2079 731 cymiterio
2111 647 2268 711 eccl.
2309 646 2606 730 Rypon’.

384 750 567 815 Item
629 751 887 834 legauit
950 772 1075 836 pro
1136 752 1515 817 mortuario
1576 773 1702 817 suo
1763 772 1975 817 vnam
2038 772 2342 827 vaccam,
2408 757 2477 815 et
2541 751 2610 815 in

385 854 881 920 distribucione
933 876 1315 940 pauperum
1368 856 1472 940 ijs
1535 864 1692 943 (49).
1790 856 1969 921 Item
2024 856 2279 941 legauit
2330 856 2395 920 in
2453 876 2610 920 con-

384 959 753 1024 uocacione
807 960 1190 1024 vicinorum
1238 967 1308 1024 et
1355 961 1732 1025 amicorum
1779 980 2060 1025 suorum
2108 960 2218 1024 die
2261 960 2610 1044 sepulture

380 1084 523 1138 sue,
562 1063 740 1148 viijs.
841 1065 1021 1128 Item
1053 1064 1124 1128 in
1159 1085 1313 1129 cera
1347 1085 1471 1149 pro
1505 1065 1761 1129 lumine
1797 1064 2116 1130 habenda
2149 1065 2328 1129 cirea
2362 1085 2608 1148 corpus

380 1188 607 1243 suum,
656 1168 853 1252 viijd.
949 1169 1128 1234 Item
1172 1169 1428 1255 legauit
1473 1170 1842 1254 Capellano
1887 1190 2012 1234 suo
2057 1169 2451 1253 parochiali,
2499 1168 2604 1253 ijs,

386 1272 565 1337 Item
600 1273 856 1358 legauit
895 1273 1159 1337 Matild'
1199 1280 1267 1338 et
1304 1274 1623 1338 Elianore
1657 1274 1929 1338 filiabus
1963 1273 2185 1356 Joh’is
2219 1273 2304 1338 de
2341 1274 2608 1357 Hewyk

380 1376 425 1461 ij
481 1398 645 1442 oues
690 1378 1013 1443 matrices
1058 1398 1216 1443 cum
1264 1378 1306 1461 ij
1362 1379 1554 1464 agnis
1601 1385 1671 1443 et
1719 1379 1808 1443 di.
1860 1378 2002 1443 rod.
2055 1398 2212 1443 cum
2262 1379 2609 1443 frumento

378 1482 795 1547 seminatam
820 1482 1049 1567 equali
1074 1484 1411 1567 porcione.
1489 1484 1669 1548 Item
1694 1483 1950 1567 legauit
1976 1483 2226 1567 Agneti
2251 1483 2462 1547 sorori
2489 1503 2608 1547 sue

382 1607 596 1651 vnam
646 1608 951 1663 vaccam,
1000 1587 1043 1671 ij
1098 1608 1261 1652 oues
1308 1589 1648 1664 matrices
1699 1593 1769 1652 et
1817 1587 1860 1672 ij
1915 1608 2148 1672 agnOS,
2199 1594 2268 1651 et
2317 1587 2406 1651 di.
2459 1587 2602 1651 rod.

381 1711 541 1756 cum
568 1691 951 1756 mixtilione
976 1692 1408 1756 seminatam.
1494 1693 1672 1757 Item
1699 1692 1956 1777 legauit
1986 1692 2179 1755 Ric’o
2209 1691 2608 1775 Magotsone

380 1794 426 1877 ij
489 1796 824 1860 bidentes.
922 1797 1101 1861 Item
1156 1796 1411 1881 legauit
1470 1797 1714 1860 Emme
1771 1796 2038 1879 Hewyk
2094 1796 2184 1859 di.
2246 1796 2389 1860 rod.
2449 1816 2607 1860 cum

380 1899 730 1964 frumento
790 1900 1203 1965 seminatam
1264 1901 1283 1985 j
1340 1902 1648 1966 tunicam
1710 1921 1867 1965 cum
1929 1900 1948 1984 j
2019 1900 2325 1984 capuciO.
2429 1900 2606 1963 Item

380 2004 636 2089 legauit
695 2003 923 2069 Will'o
980 2006 1412 2070 Attetonend
1468 2006 1489 2089 j
1556 2006 1762 2070 ollam
1822 2025 2135 2079 enneam,
2197 2010 2267 2068 et
2325 2004 2379 2067 si
2439 2003 2607 2088 quid

380 2108 729 2174 residuum
760 2108 965 2174 fuerit
996 2108 1081 2173 de
1110 2109 1309 2173 bonis
1338 2110 1478 2175 suis
1506 2110 1819 2193 superius
1849 2130 1986 2173 non
2017 2108 2280 2194 legatiS,
2314 2107 2506 2172 dedit
2538 2114 2607 2171 et

380 2213 635 2297 legauit
710 2214 800 2277 ad
874 2212 1429 2279 distribuendum
1503 2214 1921 2297 pauperibus
1987 2232 2113 2297 pro
2181 2212 2412 2277 anima
2481 2233 2608 2277 sua

380 2316 758 2383 secundum
789 2316 1299 2382 ordinacionem
1330 2317 1552 2400 Joh’is
1582 2318 1668 2382 de
1698 2318 1904 2401 Clynt
1936 2316 2269 2401 capellani
2301 2316 2604 2392 iunioriS,

380 2442 586 2505 quem
636 2421 917 2506 quidem
971 2421 1362 2504 Johannem
1415 2422 1576 2486 fecit
1631 2428 1700 2486 et
1753 2421 2116 2486 constituit
2169 2427 2606 2485 executorem

381 2546 603 2601 suum,
633 2547 792 2590 cum
818 2526 1075 2591 auxilio
1103 2532 1171 2591 et
1199 2526 1480 2591 consilio
1506 2525 1734 2608 Joh'is
1761 2526 1844 2590 de
1873 2527 2140 2609 Hewyk
2166 2524 2606 2600 coadiutoriS,

382 2636 461 2694 vt
510 2630 739 2696 dictus
790 2630 1027 2713 Joh'es
1078 2631 1163 2695 de
1214 2630 1422 2714 Clynt
1472 2631 1647 2695 bene
1699 2636 1770 2695 et
1821 2630 2112 2694 fideliter
2162 2630 2432 2695 ordinet
2483 2651 2608 2714 pro

383 2734 569 2799 dicta
606 2735 873 2800 Gudith
912 2756 1036 2800 suo
1075 2735 1284 2800 modo
1322 2734 1605 2799 meliori.

558 2877 738 2942 Item
813 2898 1133 2942 concessa
1210 2878 1339 2943 fuit
1418 2876 1934 2942 administracio
2007 2876 2346 2941 bonorum
2423 2877 2606 2941 dicte

384 2982 707 3047 defuncte
755 2983 943 3047 dicto
992 2982 1179 3065 Joh'i
1228 2983 1312 3047 de
1361 2982 1569 3066 Clynt
1620 2981 2002 3066 penultimo
2049 2981 2158 3046 die
2209 2980 2366 3065 Maij
2423 3002 2606 3046 anno

381 3088 798 3171 supradicta

559 3230 738 3294 Item
786 3236 1050 3314 postea,
1106 3230 1318 3293 tercio
1367 3229 1475 3294 die
1525 3229 1780 3294 mensis
1831 3228 2048 3312 Junij,
2096 3228 2322 3293 dictus
2372 3228 2606 3311 Joh’es

383 3334 625 3399 habuit
664 3333 1212 3418 acquietanciam
1251 3354 1375 3417 pro
1412 3334 1601 3398 dicto
1640 3339 2085 3409 testamentO,
2125 3333 2288 3417 quia
2328 3334 2498 3397 bene
2538 3340 2605 3397 et

382 3438 670 3504 fideliter
706 3438 1223 3503 administrauit
1260 3438 1328 3502 in
1367 3439 1566 3502 bonis
1604 3438 1787 3503 dicte
1823 3438 2168 3503 defuncte.

388 3646 560 3730 (171)
608 3646 1161 3710 TESTAMENTUM
1208 3645 1500 3710 XPIANE
1542 3645 1832 3710 LYSTER
1877 3662 1973 3709 DE
2017 3646 2598 3710 STAYNBRIGATE.

558 3812 640 3876 In
705 3812 831 3877 Dei
895 3813 1193 3889 nomine,
1260 3813 1502 3889 Amen,
1568 3813 1817 3898 quinto
1879 3813 1989 3877 die
2052 3812 2302 3876 mensis
2367 3812 2601 3877 Marcii

384 3914 583 3980 Anno
647 3915 809 3981 D'ni
872 3916 1108 3981 Mill'io
1176 3931 1373 3982 ccc¹¹¹0
1433 3916 1730 4001 lxxviij0‚
1797 3917 1945 4002 Ego
2016 3916 2294 4000 Xpiana
2356 3916 2604 4000 Lyster

384 4020 605 4085 condo
654 4026 1152 4085 testamentum
1201 4042 1433 4086 meum
1482 4022 1550 4085 in
1601 4022 1784 4085 hunc
1831 4020 2137 4085 modurn.
2235 4020 2316 4084 In
2366 4020 2602 4103 primis

383 4123 471 4188 do
524 4132 592 4189 et
647 4125 798 4209 lego
850 4125 1155 4190 animam
1209 4146 1436 4189 meam
1491 4126 1640 4190 Deo
1693 4125 2176 4209 omnipotenti,
2234 4130 2303 4189 et
2357 4145 2603 4207 corpus

382 4249 610 4294 meum
683 4229 772 4293 ad
842 4230 1309 4313 sepeliendum
1382 4230 1450 4293 in
1522 4230 1882 4312 cymiterio
1954 4229 2228 4293 ecclesie
2301 4228 2599 4312 Rypon'.

385 4333 562 4397 Item
616 4332 766 4418 lego
819 4334 888 4397 in
943 4334 1434 4398 distribucione
1489 4354 1874 4417 pauperum
1931 4354 2076 4398 ΧΧ5.
2175 4334 2266 4397 Et
2323 4334 2390 4397 in
2445 4353 2604 4396 con-

383 4438 751 4502 uocacione
792 4438 1177 4503 vicinorum
1220 4444 1288 4502 et
1332 4438 1712 4502 amicorum
1755 4457 2063 4503 meorum
2106 4437 2216 4501 die
2257 4437 2607 4520 sepulture

385 4562 553 4619 mee,
630 4562 779 4608 xxs
877 4542 1057 4607 Item
1130 4542 1281 4629 lego
1354 4542 1612 4608 fabrice
1685 4541 1962 4608 ecclesie
2038 4541 2311 4625 Rypon'
2388 4561 2604 4605 vnum

2763 2908 2910 2957 1379·

2717 2962 2847 3025 May
2876 2976 2956 3024 30.

2722 3828 2940 3888 1378-9.

2719 3893 2852 3942 Mar.
2887 3904 2932 3955 5.
