<?xml version="1.0" encoding="UTF-8"?>
<!DOCTYPE html PUBLIC "-//W3C//DTD XHTML 1.0 Transitional//EN"
    "http://www.w3.org/TR/xhtml1/DTD/xhtml1-transitional.dtd">
<html xmlns="http://www.w3.org/1999/xhtml" xml:lang="en" lang="en">
 <head>
  <title>
</title>
<meta http-equiv="Content-Type" content="text/html;charset=utf-8" />
  <meta name='ocr-system' content='tesseract 3.04.00' />
  <meta name='ocr-capabilities' content='ocr_page ocr_carea ocr_par ocr_line ocrx_word'/>
</head>
<body>
  <div class='ocr_page' id='page_1' title='image "./memorialschurch00socigoog_0193.png"; bbox 0 0 3217 5117; ppageno 0'>
   <div class='ocr_carea' id='block_1_1' title="bbox 200 1044 456 1169">
    <p class='ocr_par' dir='ltr' id='par_1_1' title="bbox 200 1044 456 1169">
     <span class='ocr_line' id='line_1_1' title="bbox 258 1044 406 1101; baseline 0 -12"><span class='ocrx_word' id='word_1_1' title='bbox 258 1044 406 1101; x_wconf 84' lang='lat'>1406,</span> 
     </span>
     <span class='ocr_line' id='line_1_2' title="bbox 200 1108 456 1169; baseline 0 -12"><span class='ocrx_word' id='word_1_2' title='bbox 200 1108 342 1158; x_wconf 86' lang='lat' dir='ltr'><strong>Nov.</strong></span> <span class='ocrx_word' id='word_1_3' title='bbox 376 1123 456 1169; x_wconf 89' lang='lat'><strong>29.</strong></span> 
     </span>
    </p>
   </div>
   <div class='ocr_carea' id='block_1_2' title="bbox 214 1763 453 1888">
    <p class='ocr_par' dir='ltr' id='par_1_2' title="bbox 214 1763 453 1888">
     <span class='ocr_line' id='line_1_3' title="bbox 222 1763 440 1819; baseline 0.005 -14"><span class='ocrx_word' id='word_1_4' title='bbox 222 1763 440 1819; x_wconf 79' lang='lat'>1408—0,</span> 
     </span>
     <span class='ocr_line' id='line_1_4' title="bbox 214 1826 453 1888; baseline -0.004 -14"><span class='ocrx_word' id='word_1_5' title='bbox 214 1826 337 1888; x_wconf 86' lang='lat' dir='ltr'><strong>Jan.</strong></span> <span class='ocrx_word' id='word_1_6' title='bbox 379 1839 453 1873; x_wconf 87' lang='lat'><strong>11.</strong></span> 
     </span>
    </p>
   </div>
   <div class='ocr_carea' id='block_1_3' title="bbox 128 1905 523 1968">
    <p class='ocr_par' dir='ltr' id='par_1_3' title="bbox 128 1905 523 1968">
     <span class='ocr_line' id='line_1_5' title="bbox 128 1905 523 1968; baseline 0 -15"><span class='ocrx_word' id='word_1_7' title='bbox 128 1905 271 1968; x_wconf 79' lang='lat' dir='ltr'><strong>Abp.</strong></span> <span class='ocrx_word' id='word_1_8' title='bbox 314 1906 523 1955; x_wconf 87' lang='lat' dir='ltr'><strong>Bowet.</strong></span> 
     </span>
    </p>
   </div>
   <div class='ocr_carea' id='block_1_4' title="bbox 563 447 2190 527">
    <p class='ocr_par' dir='ltr' id='par_1_4' title="bbox 563 447 2190 527">
     <span class='ocr_line' id='line_1_6' title="bbox 563 447 2190 527; baseline 0.002 -17"><span class='ocrx_word' id='word_1_9' title='bbox 563 459 688 527; x_wconf 84' lang='lat'><strong>154</strong></span> <span class='ocrx_word' id='word_1_10' title='bbox 1128 447 1288 512; x_wconf 76' lang='lat' dir='ltr'><strong>THE</strong></span> <span class='ocrx_word' id='word_1_11' title='bbox 1339 447 1650 513; x_wconf 82' lang='lat' dir='ltr'><strong>INGILBY</strong></span> <span class='ocrx_word' id='word_1_12' title='bbox 1697 448 2190 513; x_wconf 79' lang='lat' dir='ltr'><strong>MANuscRIPT.</strong></span> 
     </span>
    </p>
   </div>
   <div class='ocr_carea' id='block_1_5' title="bbox 556 624 2772 1007">
    <p class='ocr_par' dir='ltr' id='par_1_5' title="bbox 556 624 2772 1007">
     <span class='ocr_line' id='line_1_7' title="bbox 558 624 2772 712; baseline 0 -23"><span class='ocrx_word' id='word_1_13' title='bbox 558 624 923 712; x_wconf 85' lang='lat' dir='ltr'>Georgium</span> <span class='ocrx_word' id='word_1_14' title='bbox 977 627 1086 691; x_wconf 91' lang='lat' dir='ltr'><strong>vel</strong></span> <span class='ocrx_word' id='word_1_15' title='bbox 1138 634 1651 712; x_wconf 86' lang='lat' dir='ltr'><strong>procuratorem</strong></span> <span class='ocrx_word' id='word_1_16' title='bbox 1704 648 1906 694; x_wconf 90' lang='lat' dir='ltr'><strong>suum</strong></span> <span class='ocrx_word' id='word_1_17' title='bbox 1958 628 2103 693; x_wconf 89' lang='lat' dir='ltr'><strong>eius</strong></span> <span class='ocrx_word' id='word_1_18' title='bbox 2156 628 2431 692; x_wconf 90' lang='lat' dir='ltr'><strong>nomine</strong></span> <span class='ocrx_word' id='word_1_19' title='bbox 2483 627 2772 692; x_wconf 88' lang='lat' dir='ltr'><strong>vlterius</strong></span> 
     </span>
     <span class='ocr_line' id='line_1_8' title="bbox 558 730 2766 817; baseline 0 -23"><span class='ocrx_word' id='word_1_20' title='bbox 558 730 826 796; x_wconf 86' lang='lat' dir='ltr'><strong>faciatis</strong></span> <span class='ocrx_word' id='word_1_21' title='bbox 878 738 947 796; x_wconf 84' lang='lat' dir='ltr'><strong>et</strong></span> <span class='ocrx_word' id='word_1_22' title='bbox 1000 732 1434 817; x_wconf 86' lang='lat' dir='ltr'><strong>exequamini</strong></span> <span class='ocrx_word' id='word_1_23' title='bbox 1486 733 1557 797; x_wconf 90' lang='lat' dir='ltr'><strong>in</strong></span> <span class='ocrx_word' id='word_1_24' title='bbox 1611 734 1739 799; x_wconf 88' lang='lat' dir='ltr'><strong>hac</strong></span> <span class='ocrx_word' id='word_1_25' title='bbox 1790 737 1988 817; x_wconf 86' lang='lat' dir='ltr'><strong>parte</strong></span> <span class='ocrx_word' id='word_1_26' title='bbox 2039 732 2227 816; x_wconf 91' lang='lat' dir='ltr'><strong>quod</strong></span> <span class='ocrx_word' id='word_1_27' title='bbox 2279 737 2384 795; x_wconf 85' lang='lat' dir='ltr'><strong>est</strong></span> <span class='ocrx_word' id='word_1_28' title='bbox 2435 736 2766 795; x_wconf 89' lang='lat' dir='ltr'><strong>vestrum.</strong></span> 
     </span>
     <span class='ocr_line' id='line_1_9' title="bbox 558 834 2771 922; baseline 0 -23"><span class='ocrx_word' id='word_1_29' title='bbox 558 835 719 900; x_wconf 89' lang='lat' dir='ltr'><strong>Dat.</strong></span> <span class='ocrx_word' id='word_1_30' title='bbox 771 835 976 901; x_wconf 88' lang='lat' dir='ltr'><strong>Ebor.</strong></span> <span class='ocrx_word' id='word_1_31' title='bbox 1028 837 1350 902; x_wconf 89' lang='lat' dir='ltr'><strong>vicesimo</strong></span> <span class='ocrx_word' id='word_1_32' title='bbox 1396 837 1644 922; x_wconf 90' lang='lat' dir='ltr'><strong>quinto</strong></span> <span class='ocrx_word' id='word_1_33' title='bbox 1690 836 1799 901; x_wconf 92' lang='lat' dir='ltr'><strong>die</strong></span> <span class='ocrx_word' id='word_1_34' title='bbox 1845 836 2096 901; x_wconf 82' lang='lat' dir='ltr'><strong>mensis</strong></span> <span class='ocrx_word' id='word_1_35' title='bbox 2143 836 2514 901; x_wconf 89' lang='lat' dir='ltr'><strong>Nouembr.</strong></span> <span class='ocrx_word' id='word_1_36' title='bbox 2565 834 2771 899; x_wconf 89' lang='lat' dir='ltr'><strong>Anno</strong></span> 
     </span>
     <span class='ocr_line' id='line_1_10' title="bbox 556 939 1634 1007; baseline 0.004 -4"><span class='ocrx_word' id='word_1_37' title='bbox 556 939 718 1004; x_wconf 89' lang='lat' dir='ltr'><strong>D’ni</strong></span> <span class='ocrx_word' id='word_1_38' title='bbox 757 939 1111 1006; x_wconf 90' lang='lat' dir='ltr'><strong>Millesimo</strong></span> <span class='ocrx_word' id='word_1_39' title='bbox 1147 954 1381 1007; x_wconf 77' lang='lat' dir='ltr'><strong>ccccm0</strong></span> <span class='ocrx_word' id='word_1_40' title='bbox 1416 948 1634 1007; x_wconf 86' lang='lat' dir='ltr'><strong>sext0.</strong></span> 
     </span>
    </p>
   </div>
   <div class='ocr_carea' id='block_1_6' title="bbox 556 1056 2775 1455">
    <p class='ocr_par' dir='ltr' id='par_1_6' title="bbox 556 1056 2775 1455">
     <span class='ocr_line' id='line_1_11' title="bbox 734 1056 2775 1143; baseline 0 -23"><span class='ocrx_word' id='word_1_41' title='bbox 734 1057 931 1121; x_wconf 83' lang='lat' dir='ltr'>Istud</span> <span class='ocrx_word' id='word_1_42' title='bbox 990 1057 1400 1123; x_wconf 86' lang='lat' dir='ltr'><strong>mandatum</strong></span> <span class='ocrx_word' id='word_1_43' title='bbox 1462 1058 1595 1123; x_wconf 83' lang='lat' dir='ltr'><strong>fuit</strong></span> <span class='ocrx_word' id='word_1_44' title='bbox 1654 1064 2130 1143; x_wconf 82' lang='lat' dir='ltr'><strong>presentatum</strong></span> <span class='ocrx_word' id='word_1_45' title='bbox 2189 1056 2508 1141; x_wconf 86' lang='lat' dir='ltr'><strong>Capitulo</strong></span> <span class='ocrx_word' id='word_1_46' title='bbox 2570 1057 2775 1121; x_wconf 83' lang='lat' dir='ltr'><strong>xxixo</strong></span> 
     </span>
     <span class='ocr_line' id='line_1_12' title="bbox 557 1160 2773 1248; baseline 0 -23"><span class='ocrx_word' id='word_1_47' title='bbox 557 1160 665 1226; x_wconf 91' lang='lat' dir='ltr'><strong>die</strong></span> <span class='ocrx_word' id='word_1_48' title='bbox 713 1161 1083 1228; x_wconf 87' lang='lat' dir='ltr'><strong>Nouembr.</strong></span> <span class='ocrx_word' id='word_1_49' title='bbox 1135 1169 1205 1227; x_wconf 91' lang='lat' dir='ltr'><strong>et</strong></span> <span class='ocrx_word' id='word_1_50' title='bbox 1252 1164 1472 1248; x_wconf 91' lang='lat' dir='ltr'><strong>primo</strong></span> <span class='ocrx_word' id='word_1_51' title='bbox 1520 1162 1630 1228; x_wconf 92' lang='lat' dir='ltr'><strong>die</strong></span> <span class='ocrx_word' id='word_1_52' title='bbox 1678 1162 2032 1227; x_wconf 90' lang='lat' dir='ltr'><strong>Decembr.</strong></span> <span class='ocrx_word' id='word_1_53' title='bbox 2085 1162 2217 1227; x_wconf 78' lang='lat' dir='ltr'><strong>fuit</strong></span> <span class='ocrx_word' id='word_1_54' title='bbox 2265 1162 2602 1227; x_wconf 91' lang='lat' dir='ltr'><strong>admissus</strong></span> <span class='ocrx_word' id='word_1_55' title='bbox 2649 1182 2773 1247; x_wconf 93' lang='lat' dir='ltr'><strong>per</strong></span> 
     </span>
     <span class='ocr_line' id='line_1_13' title="bbox 556 1267 2772 1352; baseline 0 -22"><span class='ocrx_word' id='word_1_56' title='bbox 556 1272 1089 1349; x_wconf 90' lang='lat' dir='ltr'><strong>procuratorem,</strong></span> <span class='ocrx_word' id='word_1_57' title='bbox 1174 1287 1378 1351; x_wconf 91' lang='lat' dir='ltr'><strong>super</strong></span> <span class='ocrx_word' id='word_1_58' title='bbox 1458 1288 1599 1352; x_wconf 93' lang='lat' dir='ltr'><strong>qua</strong></span> <span class='ocrx_word' id='word_1_59' title='bbox 1683 1267 2093 1332; x_wconf 83' lang='lat' dir='ltr'><strong>admissione</strong></span> <span class='ocrx_word' id='word_1_60' title='bbox 2174 1267 2421 1331; x_wconf 89' lang='lat' dir='ltr'><strong>habuit</strong></span> <span class='ocrx_word' id='word_1_61' title='bbox 2503 1267 2772 1332; x_wconf 81' lang='lat' dir='ltr'><strong>litteras</strong></span> 
     </span>
     <span class='ocr_line' id='line_1_14' title="bbox 558 1370 1242 1455; baseline 0.003 -20"><span class='ocrx_word' id='word_1_62' title='bbox 558 1370 858 1455; x_wconf 84' lang='lat' dir='ltr'><strong>Capituli</strong></span> <span class='ocrx_word' id='word_1_63' title='bbox 894 1372 963 1436; x_wconf 92' lang='lat' dir='ltr'><strong>in</strong></span> <span class='ocrx_word' id='word_1_64' title='bbox 1003 1372 1242 1437; x_wconf 83' lang='lat' dir='ltr'><strong>forma.</strong></span> 
     </span>
    </p>
   </div>
   <div class='ocr_carea' id='block_1_7' title="bbox 562 1524 2770 1697">
    <p class='ocr_par' dir='ltr' id='par_1_7' title="bbox 562 1524 2770 1697">
     <span class='ocr_line' id='line_1_15' title="bbox 562 1524 2770 1609; baseline -0.001 -18"><span class='ocrx_word' id='word_1_65' title='bbox 562 1524 735 1609; x_wconf 88' lang='lat'><strong>(226)</strong></span> <span class='ocrx_word' id='word_1_66' title='bbox 787 1526 1146 1591; x_wconf 78' lang='lat' dir='ltr'><strong>Amussm</strong></span> <span class='ocrx_word' id='word_1_67' title='bbox 1193 1526 1458 1591; x_wconf 78' lang='lat' dir='ltr'><strong>MAG&#39;m</strong></span> <span class='ocrx_word' id='word_1_68' title='bbox 1506 1525 1772 1590; x_wconf 79' lang='lat' dir='ltr'><strong>THoME</strong></span> <span class='ocrx_word' id='word_1_69' title='bbox 1821 1526 2110 1591; x_wconf 61' lang='lat' dir='ltr'><strong>Pom-ou</strong></span> <span class='ocrx_word' id='word_1_70' title='bbox 2157 1543 2257 1590; x_wconf 87' lang='lat' dir='ltr'><strong>AD</strong></span> <span class='ocrx_word' id='word_1_71' title='bbox 2305 1526 2770 1590; x_wconf 80' lang='lat' dir='ltr'><strong>PREBENDAM</strong></span> 
     </span>
     <span class='ocr_line' id='line_1_16' title="bbox 648 1631 1198 1697; baseline 0.005 -3"><span class='ocrx_word' id='word_1_72' title='bbox 648 1648 743 1695; x_wconf 84' lang='lat' dir='ltr'><strong>DE</strong></span> <span class='ocrx_word' id='word_1_73' title='bbox 791 1631 1198 1697; x_wconf 85' lang='lat' dir='ltr'>STODELEY.</span> 
     </span>
    </p>
   </div>
   <div class='ocr_carea' id='block_1_8' title="bbox 547 1759 2776 4534">
    <p class='ocr_par' dir='ltr' id='par_1_8' title="bbox 547 1759 2776 4534">
     <span class='ocr_line' id='line_1_17' title="bbox 733 1759 2768 1844; baseline 0 -21"><span class='ocrx_word' id='word_1_74' title='bbox 733 1760 1089 1837; x_wconf 82' lang='lat' dir='ltr'><strong>HenricuS‚</strong></span> <span class='ocrx_word' id='word_1_75' title='bbox 1183 1760 1622 1844; x_wconf 87' lang='lat' dir='ltr'><strong>permissione</strong></span> <span class='ocrx_word' id='word_1_76' title='bbox 1713 1760 1949 1825; x_wconf 89' lang='lat' dir='ltr'><strong>diuina</strong></span> <span class='ocrx_word' id='word_1_77' title='bbox 2041 1760 2245 1825; x_wconf 88' lang='lat' dir='ltr'><strong>Ebor.</strong></span> <span class='ocrx_word' id='word_1_78' title='bbox 2342 1759 2768 1844; x_wconf 83' lang='lat' dir='ltr'><strong>Archiep’uS,</strong></span> 
     </span>
     <span class='ocr_line' id='line_1_18' title="bbox 556 1852 2770 1950; baseline 0 -23"><span class='ocrx_word' id='word_1_79' title='bbox 556 1862 796 1949; x_wconf 87' lang='lat' dir='ltr'><strong>Anglie</strong></span> <span class='ocrx_word' id='word_1_80' title='bbox 822 1864 1100 1947; x_wconf 82' lang='lat' dir='ltr'><strong>primaS,</strong></span> <span class='ocrx_word' id='word_1_81' title='bbox 1130 1870 1200 1928; x_wconf 93' lang='lat' dir='ltr'><strong>et</strong></span> <span class='ocrx_word' id='word_1_82' title='bbox 1228 1885 1336 1947; x_wconf 90' lang='lat' dir='ltr'><strong>ap.</strong></span> <span class='ocrx_word' id='word_1_83' title='bbox 1368 1852 1506 1928; x_wconf 78' lang='lat' dir='ltr'><strong>sed.</strong></span> <span class='ocrx_word' id='word_1_84' title='bbox 1540 1864 1826 1950; x_wconf 87' lang='lat' dir='ltr'><strong>legatus,</strong></span> <span class='ocrx_word' id='word_1_85' title='bbox 1857 1864 1970 1928; x_wconf 94' lang='lat' dir='ltr'><strong>dil.</strong></span> <span class='ocrx_word' id='word_1_86' title='bbox 2003 1863 2073 1928; x_wconf 89' lang='lat' dir='ltr'><strong>in</strong></span> <span class='ocrx_word' id='word_1_87' title='bbox 2101 1885 2240 1948; x_wconf 88' lang='lat' dir='ltr'><strong>xpo</strong></span> <span class='ocrx_word' id='word_1_88' title='bbox 2267 1864 2421 1928; x_wconf 91' lang='lat' dir='ltr'><strong>filiis</strong></span> <span class='ocrx_word' id='word_1_89' title='bbox 2449 1864 2770 1949; x_wconf 89' lang='lat' dir='ltr'><strong>Capitulo</strong></span> 
     </span>
     <span class='ocr_line' id='line_1_19' title="bbox 554 1967 2768 2052; baseline 0.001 -21"><span class='ocrx_word' id='word_1_90' title='bbox 554 1967 711 2032; x_wconf 90' lang='lat' dir='ltr'><strong>eccl.</strong></span> <span class='ocrx_word' id='word_1_91' title='bbox 751 1967 895 2031; x_wconf 87' lang='lat' dir='ltr'><strong>n&#39;re</strong></span> <span class='ocrx_word' id='word_1_92' title='bbox 929 1967 1173 2052; x_wconf 84' lang='lat' dir='ltr'><strong>Colleg.</strong></span> <span class='ocrx_word' id='word_1_93' title='bbox 1215 1967 1323 2043; x_wconf 88' lang='lat' dir='ltr'><strong>R.,</strong></span> <span class='ocrx_word' id='word_1_94' title='bbox 1360 1989 1455 2031; x_wconf 87' lang='lat' dir='ltr'><strong>sa.</strong></span> <span class='ocrx_word' id='word_1_95' title='bbox 1493 1987 1633 2052; x_wconf 88' lang='lat' dir='ltr'><strong>gra.</strong></span> <span class='ocrx_word' id='word_1_96' title='bbox 1673 1974 1742 2031; x_wconf 92' lang='lat' dir='ltr'><strong>et</strong></span> <span class='ocrx_word' id='word_1_97' title='bbox 1775 1970 1929 2033; x_wconf 89' lang='lat' dir='ltr'><strong>ben.</strong></span> <span class='ocrx_word' id='word_1_98' title='bbox 2043 1967 2222 2052; x_wconf 81' lang='lat' dir='ltr'><strong>Quia</strong></span> <span class='ocrx_word' id='word_1_99' title='bbox 2251 1989 2378 2032; x_wconf 91' lang='lat' dir='ltr'><strong>nos</strong></span> <span class='ocrx_word' id='word_1_100' title='bbox 2411 1967 2663 2033; x_wconf 90' lang='lat' dir='ltr'><strong>dilecto</strong></span> <span class='ocrx_word' id='word_1_101' title='bbox 2699 1969 2768 2033; x_wconf 91' lang='lat' dir='ltr'><strong>in</strong></span> 
     </span>
     <span class='ocr_line' id='line_1_20' title="bbox 554 2066 2771 2157; baseline 0.001 -22"><span class='ocrx_word' id='word_1_102' title='bbox 554 2092 693 2156; x_wconf 86' lang='lat' dir='ltr'><strong>xpo</strong></span> <span class='ocrx_word' id='word_1_103' title='bbox 726 2066 863 2135; x_wconf 90' lang='lat' dir='ltr'><strong>filio</strong></span> <span class='ocrx_word' id='word_1_104' title='bbox 897 2072 1155 2157; x_wconf 88' lang='lat' dir='ltr'><strong>Mag&#39;ro</strong></span> <span class='ocrx_word' id='word_1_105' title='bbox 1195 2070 1454 2135; x_wconf 90' lang='lat' dir='ltr'><strong>Thome</strong></span> <span class='ocrx_word' id='word_1_106' title='bbox 1494 2069 1743 2135; x_wconf 89' lang='lat' dir='ltr'><strong>Polton</strong></span> <span class='ocrx_word' id='word_1_107' title='bbox 1782 2071 1852 2135; x_wconf 93' lang='lat' dir='ltr'><strong>in</strong></span> <span class='ocrx_word' id='word_1_108' title='bbox 1884 2076 2178 2155; x_wconf 90' lang='lat' dir='ltr'><strong>vtroque</strong></span> <span class='ocrx_word' id='word_1_109' title='bbox 2211 2071 2354 2136; x_wconf 86' lang='lat' dir='ltr'><strong>iure</strong></span> <span class='ocrx_word' id='word_1_110' title='bbox 2387 2072 2771 2137; x_wconf 89' lang='lat' dir='ltr'><strong>Bacallario</strong></span> 
     </span>
     <span class='ocr_line' id='line_1_21' title="bbox 553 2174 2768 2260; baseline -0 -19"><span class='ocrx_word' id='word_1_111' title='bbox 553 2176 1052 2241; x_wconf 88' lang='lat' dir='ltr'><strong>Canonicatum</strong></span> <span class='ocrx_word' id='word_1_112' title='bbox 1090 2176 1248 2241; x_wconf 91' lang='lat' dir='ltr'><strong>eccl.</strong></span> <span class='ocrx_word' id='word_1_113' title='bbox 1292 2176 1435 2240; x_wconf 89' lang='lat' dir='ltr'><strong>n’re</strong></span> <span class='ocrx_word' id='word_1_114' title='bbox 1473 2174 1622 2240; x_wconf 92' lang='lat' dir='ltr'><strong>coll.</strong></span> <span class='ocrx_word' id='word_1_115' title='bbox 1666 2174 1852 2259; x_wconf 90' lang='lat' dir='ltr'><strong>pred.</strong></span> <span class='ocrx_word' id='word_1_116' title='bbox 1889 2181 1957 2238; x_wconf 88' lang='lat' dir='ltr'><strong>et</strong></span> <span class='ocrx_word' id='word_1_117' title='bbox 1994 2174 2187 2239; x_wconf 90' lang='lat' dir='ltr'><strong>Preb.</strong></span> <span class='ocrx_word' id='word_1_118' title='bbox 2224 2174 2309 2238; x_wconf 93' lang='lat' dir='ltr'><strong>de</strong></span> <span class='ocrx_word' id='word_1_119' title='bbox 2343 2175 2666 2260; x_wconf 87' lang='lat' dir='ltr'><strong>Stodeley</strong></span> <span class='ocrx_word' id='word_1_120' title='bbox 2699 2176 2768 2241; x_wconf 91' lang='lat' dir='ltr'><strong>in</strong></span> 
     </span>
     <span class='ocr_line' id='line_1_22' title="bbox 552 2277 2770 2365; baseline -0 -21"><span class='ocrx_word' id='word_1_121' title='bbox 552 2280 791 2345; x_wconf 89' lang='lat' dir='ltr'><strong>eadem</strong></span> <span class='ocrx_word' id='word_1_122' title='bbox 836 2301 956 2364; x_wconf 90' lang='lat' dir='ltr'><strong>per</strong></span> <span class='ocrx_word' id='word_1_123' title='bbox 998 2281 1239 2365; x_wconf 88' lang='lat' dir='ltr'><strong>resign.</strong></span> <span class='ocrx_word' id='word_1_124' title='bbox 1278 2280 1517 2365; x_wconf 89' lang='lat' dir='ltr'><strong>Mag&#39;ri</strong></span> <span class='ocrx_word' id='word_1_125' title='bbox 1562 2279 1823 2343; x_wconf 88' lang='lat' dir='ltr'><strong>Thome</strong></span> <span class='ocrx_word' id='word_1_126' title='bbox 1871 2277 2268 2355; x_wconf 90' lang='lat' dir='ltr'><strong>Grenewod,</strong></span> <span class='ocrx_word' id='word_1_127' title='bbox 2308 2280 2770 2362; x_wconf 88' lang='lat' dir='ltr'><strong>procuratoris</strong></span> 
     </span>
     <span class='ocr_line' id='line_1_23' title="bbox 551 2380 2766 2468; baseline 0 -19"><span class='ocrx_word' id='word_1_128' title='bbox 551 2384 901 2449; x_wconf 88' lang='lat' dir='ltr'><strong>reuerendi</strong></span> <span class='ocrx_word' id='word_1_129' title='bbox 949 2384 1077 2448; x_wconf 92' lang='lat' dir='ltr'><strong>viri</strong></span> <span class='ocrx_word' id='word_1_130' title='bbox 1126 2384 1363 2468; x_wconf 87' lang='lat' dir='ltr'><strong>Mag&#39;ri</strong></span> <span class='ocrx_word' id='word_1_131' title='bbox 1412 2383 1743 2468; x_wconf 85' lang='lat' dir='ltr'><strong>Stephani</strong></span> <span class='ocrx_word' id='word_1_132' title='bbox 1789 2382 1850 2446; x_wconf 94' lang='lat' dir='ltr'><strong>le</strong></span> <span class='ocrx_word' id='word_1_133' title='bbox 1894 2383 2124 2467; x_wconf 88' lang='lat' dir='ltr'><strong>Scrop,</strong></span> <span class='ocrx_word' id='word_1_134' title='bbox 2160 2382 2385 2447; x_wconf 80' lang='lat' dir='ltr'><strong>Vltimi</strong></span> <span class='ocrx_word' id='word_1_135' title='bbox 2423 2380 2766 2449; x_wconf 88' lang='lat' dir='ltr'><strong>dictorum</strong></span> 
     </span>
     <span class='ocr_line' id='line_1_24' title="bbox 552 2486 2767 2571; baseline 0 -19"><span class='ocrx_word' id='word_1_136' title='bbox 552 2488 1011 2553; x_wconf 89' lang='lat' dir='ltr'><strong>Canonicatus</strong></span> <span class='ocrx_word' id='word_1_137' title='bbox 1084 2494 1153 2551; x_wconf 89' lang='lat' dir='ltr'><strong>et</strong></span> <span class='ocrx_word' id='word_1_138' title='bbox 1228 2488 1571 2571; x_wconf 88' lang='lat' dir='ltr'><strong>prebende</strong></span> <span class='ocrx_word' id='word_1_139' title='bbox 1645 2487 1968 2551; x_wconf 89' lang='lat' dir='ltr'><strong>Canonici</strong></span> <span class='ocrx_word' id='word_1_140' title='bbox 2041 2492 2111 2550; x_wconf 89' lang='lat' dir='ltr'><strong>et</strong></span> <span class='ocrx_word' id='word_1_141' title='bbox 2185 2486 2615 2571; x_wconf 89' lang='lat' dir='ltr'><strong>prebendarij</strong></span> <span class='ocrx_word' id='word_1_142' title='bbox 2696 2494 2767 2552; x_wconf 90' lang='lat' dir='ltr'><strong>et</strong></span> 
     </span>
     <span class='ocr_line' id='line_1_25' title="bbox 552 2590 2766 2677; baseline 0.001 -22"><span class='ocrx_word' id='word_1_143' title='bbox 552 2592 851 2677; x_wconf 74' lang='lat' dir='ltr'><strong>legitime</strong></span> <span class='ocrx_word' id='word_1_144' title='bbox 874 2592 1236 2657; x_wconf 89' lang='lat' dir='ltr'><strong>constituti</strong></span> <span class='ocrx_word' id='word_1_145' title='bbox 1263 2592 1331 2656; x_wconf 90' lang='lat' dir='ltr'><strong>in</strong></span> <span class='ocrx_word' id='word_1_146' title='bbox 1358 2592 1678 2656; x_wconf 92' lang='lat' dir='ltr'><strong>manibus</strong></span> <span class='ocrx_word' id='word_1_147' title='bbox 1702 2590 1866 2656; x_wconf 88' lang='lat' dir='ltr'><strong>n’ris</strong></span> <span class='ocrx_word' id='word_1_148' title='bbox 1891 2590 1974 2654; x_wconf 84' lang='lat' dir='ltr'><strong>ex</strong></span> <span class='ocrx_word' id='word_1_149' title='bbox 1999 2611 2208 2655; x_wconf 90' lang='lat' dir='ltr'><strong>causa</strong></span> <span class='ocrx_word' id='word_1_150' title='bbox 2230 2592 2766 2675; x_wconf 91' lang='lat' dir='ltr'><strong>permutacionis</strong></span> 
     </span>
     <span class='ocr_line' id='line_1_26' title="bbox 552 2694 2772 2780; baseline 0.001 -21"><span class='ocrx_word' id='word_1_151' title='bbox 552 2695 859 2759; x_wconf 83' lang='lat' dir='ltr'><strong>faciende</strong></span> <span class='ocrx_word' id='word_1_152' title='bbox 928 2695 1011 2759; x_wconf 92' lang='lat' dir='ltr'><strong>de</strong></span> <span class='ocrx_word' id='word_1_153' title='bbox 1080 2694 1334 2759; x_wconf 90' lang='lat' dir='ltr'><strong>eisdem</strong></span> <span class='ocrx_word' id='word_1_154' title='bbox 1402 2715 1561 2759; x_wconf 89' lang='lat' dir='ltr'><strong>cum</strong></span> <span class='ocrx_word' id='word_1_155' title='bbox 1630 2695 2058 2760; x_wconf 86' lang='lat' dir='ltr'><strong>Canonicatu</strong></span> <span class='ocrx_word' id='word_1_156' title='bbox 2127 2701 2195 2759; x_wconf 89' lang='lat' dir='ltr'><strong>et</strong></span> <span class='ocrx_word' id='word_1_157' title='bbox 2265 2696 2618 2780; x_wconf 90' lang='lat' dir='ltr'><strong>prebenda</strong></span> <span class='ocrx_word' id='word_1_158' title='bbox 2685 2697 2772 2761; x_wconf 89' lang='lat' dir='ltr'><strong>de</strong></span> 
     </span>
     <span class='ocr_line' id='line_1_27' title="bbox 552 2797 2774 2885; baseline 0 -22"><span class='ocrx_word' id='word_1_159' title='bbox 552 2799 812 2863; x_wconf 87' lang='lat' dir='ltr'><strong>Bichell</strong></span> <span class='ocrx_word' id='word_1_160' title='bbox 864 2799 933 2863; x_wconf 89' lang='lat' dir='ltr'><strong>in</strong></span> <span class='ocrx_word' id='word_1_161' title='bbox 990 2798 1479 2884; x_wconf 87' lang='lat' dir='ltr'><strong>Knaresburgh</strong></span> <span class='ocrx_word' id='word_1_162' title='bbox 1533 2799 1603 2862; x_wconf 92' lang='lat' dir='ltr'><strong>in</strong></span> <span class='ocrx_word' id='word_1_163' title='bbox 1649 2799 1809 2864; x_wconf 89' lang='lat' dir='ltr'><strong>eccl.</strong></span> <span class='ocrx_word' id='word_1_164' title='bbox 1860 2799 2011 2863; x_wconf 90' lang='lat' dir='ltr'><strong>n&#39;ra</strong></span> <span class='ocrx_word' id='word_1_165' title='bbox 2061 2797 2258 2864; x_wconf 87' lang='lat' dir='ltr'><strong>Cath.</strong></span> <span class='ocrx_word' id='word_1_166' title='bbox 2308 2800 2542 2876; x_wconf 66' lang='lat' dir='ltr'><strong>Ebot„</strong></span> <span class='ocrx_word' id='word_1_167' title='bbox 2596 2820 2774 2885; x_wconf 91' lang='lat' dir='ltr'><strong>quos</strong></span> 
     </span>
     <span class='ocr_line' id='line_1_28' title="bbox 551 2902 2776 2988; baseline 0.001 -21"><span class='ocrx_word' id='word_1_168' title='bbox 551 2904 732 2968; x_wconf 89' lang='lat' dir='ltr'><strong>idem</strong></span> <span class='ocrx_word' id='word_1_169' title='bbox 799 2903 1016 2988; x_wconf 88' lang='lat' dir='ltr'><strong>Mag&#39;r</strong></span> <span class='ocrx_word' id='word_1_170' title='bbox 1079 2902 1377 2968; x_wconf 87' lang='lat' dir='ltr'><strong>Thomas</strong></span> <span class='ocrx_word' id='word_1_171' title='bbox 1432 2902 1752 2987; x_wconf 89' lang='lat' dir='ltr'><strong>primitus</strong></span> <span class='ocrx_word' id='word_1_172' title='bbox 1813 2902 2141 2987; x_wconf 89' lang='lat' dir='ltr'><strong>optinuit,</strong></span> <span class='ocrx_word' id='word_1_173' title='bbox 2205 2903 2277 2967; x_wconf 90' lang='lat' dir='ltr'><strong>in</strong></span> <span class='ocrx_word' id='word_1_174' title='bbox 2339 2904 2579 2969; x_wconf 88' lang='lat' dir='ltr'><strong>eadem</strong></span> <span class='ocrx_word' id='word_1_175' title='bbox 2645 2905 2776 2969; x_wconf 90' lang='lat' dir='ltr'><strong>rite</strong></span> 
     </span>
     <span class='ocr_line' id='line_1_29' title="bbox 552 3007 2776 3092; baseline 0.002 -21"><span class='ocrx_word' id='word_1_176' title='bbox 552 3007 810 3073; x_wconf 83' lang='lat' dir='ltr'><strong>factam</strong></span> <span class='ocrx_word' id='word_1_177' title='bbox 897 3013 967 3071; x_wconf 91' lang='lat' dir='ltr'><strong>et</strong></span> <span class='ocrx_word' id='word_1_178' title='bbox 1051 3027 1174 3092; x_wconf 93' lang='lat' dir='ltr'><strong>per</strong></span> <span class='ocrx_word' id='word_1_179' title='bbox 1258 3028 1381 3072; x_wconf 90' lang='lat' dir='ltr'><strong>nos</strong></span> <span class='ocrx_word' id='word_1_180' title='bbox 1468 3008 1846 3072; x_wconf 85' lang='lat' dir='ltr'><strong>autoritate</strong></span> <span class='ocrx_word' id='word_1_181' title='bbox 1934 3007 2314 3091; x_wconf 91' lang='lat' dir='ltr'><strong>apostolica</strong></span> <span class='ocrx_word' id='word_1_182' title='bbox 2399 3008 2776 3075; x_wconf 88' lang='lat' dir='ltr'><strong>admissam</strong></span> 
     </span>
     <span class='ocr_line' id='line_1_30' title="bbox 552 3109 2774 3197; baseline 0.001 -21"><span class='ocrx_word' id='word_1_183' title='bbox 552 3117 901 3187; x_wconf 80' lang='lat' dir='ltr'><strong>vacanteS,</strong></span> <span class='ocrx_word' id='word_1_184' title='bbox 948 3117 1017 3174; x_wconf 90' lang='lat' dir='ltr'><strong>et</strong></span> <span class='ocrx_word' id='word_1_185' title='bbox 1062 3109 1151 3175; x_wconf 93' lang='lat' dir='ltr'><strong>ad</strong></span> <span class='ocrx_word' id='word_1_186' title='bbox 1194 3112 1415 3175; x_wconf 87' lang='lat' dir='ltr'><strong>n’ram</strong></span> <span class='ocrx_word' id='word_1_187' title='bbox 1459 3110 1901 3176; x_wconf 88' lang='lat' dir='ltr'><strong>collacionem</strong></span> <span class='ocrx_word' id='word_1_188' title='bbox 1946 3118 2340 3196; x_wconf 88' lang='lat' dir='ltr'><strong>spectantes</strong></span> <span class='ocrx_word' id='word_1_189' title='bbox 2383 3112 2585 3197; x_wconf 91' lang='lat' dir='ltr'><strong>pleno</strong></span> <span class='ocrx_word' id='word_1_190' title='bbox 2627 3114 2774 3179; x_wconf 89' lang='lat' dir='ltr'><strong>iure</strong></span> 
     </span>
     <span class='ocr_line' id='line_1_31' title="bbox 551 3214 2770 3300; baseline 0.001 -21"><span class='ocrx_word' id='word_1_191' title='bbox 551 3215 620 3280; x_wconf 90' lang='lat' dir='ltr'><strong>in</strong></span> <span class='ocrx_word' id='word_1_192' title='bbox 691 3235 1052 3299; x_wconf 87' lang='lat' dir='ltr'><strong>personam</strong></span> <span class='ocrx_word' id='word_1_193' title='bbox 1124 3214 1363 3300; x_wconf 88' lang='lat' dir='ltr'><strong>Mag&#39;ri</strong></span> <span class='ocrx_word' id='word_1_194' title='bbox 1431 3214 1653 3298; x_wconf 90' lang='lat' dir='ltr'><strong>Joh&#39;is</strong></span> <span class='ocrx_word' id='word_1_195' title='bbox 1721 3215 2068 3280; x_wconf 90' lang='lat' dir='ltr'><strong>Wodham</strong></span> <span class='ocrx_word' id='word_1_196' title='bbox 2138 3218 2599 3300; x_wconf 85' lang='lat' dir='ltr'><strong>procuratoris</strong></span> <span class='ocrx_word' id='word_1_197' title='bbox 2666 3219 2770 3283; x_wconf 91' lang='lat' dir='ltr'><strong>sui</strong></span> 
     </span>
     <span class='ocr_line' id='line_1_32' title="bbox 551 3318 2774 3404; baseline 0.001 -21"><span class='ocrx_word' id='word_1_198' title='bbox 551 3319 965 3384; x_wconf 89' lang='lat' dir='ltr'><strong>sufficienter</strong></span> <span class='ocrx_word' id='word_1_199' title='bbox 1022 3324 1091 3383; x_wconf 90' lang='lat' dir='ltr'><strong>et</strong></span> <span class='ocrx_word' id='word_1_200' title='bbox 1149 3318 1449 3404; x_wconf 87' lang='lat' dir='ltr'><strong>legitime</strong></span> <span class='ocrx_word' id='word_1_201' title='bbox 1508 3318 1578 3383; x_wconf 91' lang='lat' dir='ltr'><strong>in</strong></span> <span class='ocrx_word' id='word_1_202' title='bbox 1639 3320 1768 3384; x_wconf 93' lang='lat' dir='ltr'><strong>hac</strong></span> <span class='ocrx_word' id='word_1_203' title='bbox 1825 3326 2025 3404; x_wconf 89' lang='lat' dir='ltr'><strong>parte</strong></span> <span class='ocrx_word' id='word_1_204' title='bbox 2083 3320 2469 3397; x_wconf 86' lang='lat' dir='ltr'><strong>constituti,</strong></span> <span class='ocrx_word' id='word_1_205' title='bbox 2532 3320 2774 3386; x_wconf 90' lang='lat' dir='ltr'><strong>eadem</strong></span> 
     </span>
     <span class='ocr_line' id='line_1_33' title="bbox 552 3422 2773 3509; baseline 0.001 -21"><span class='ocrx_word' id='word_1_206' title='bbox 552 3424 968 3489; x_wconf 87' lang='lat' dir='ltr'><strong>auctoritate</strong></span> <span class='ocrx_word' id='word_1_207' title='bbox 1015 3422 1433 3488; x_wconf 89' lang='lat' dir='ltr'><strong>contulimus</strong></span> <span class='ocrx_word' id='word_1_208' title='bbox 1479 3423 1738 3488; x_wconf 90' lang='lat' dir='ltr'><strong>intuitu</strong></span> <span class='ocrx_word' id='word_1_209' title='bbox 1785 3424 2117 3500; x_wconf 88' lang='lat' dir='ltr'><strong>caritatis,</strong></span> <span class='ocrx_word' id='word_1_210' title='bbox 2166 3431 2237 3488; x_wconf 91' lang='lat' dir='ltr'><strong>et</strong></span> <span class='ocrx_word' id='word_1_211' title='bbox 2283 3424 2509 3509; x_wconf 91' lang='lat' dir='ltr'><strong>ipsum</strong></span> <span class='ocrx_word' id='word_1_212' title='bbox 2555 3426 2773 3491; x_wconf 89' lang='lat' dir='ltr'><strong>Cano-</strong></span> 
     </span>
     <span class='ocr_line' id='line_1_34' title="bbox 551 3526 2772 3615; baseline 0.002 -23"><span class='ocrx_word' id='word_1_213' title='bbox 551 3528 782 3593; x_wconf 92' lang='lat' dir='ltr'><strong>nicum</strong></span> <span class='ocrx_word' id='word_1_214' title='bbox 820 3526 1344 3612; x_wconf 89' lang='lat' dir='ltr'><strong>prebendatum,</strong></span> <span class='ocrx_word' id='word_1_215' title='bbox 1384 3526 1453 3590; x_wconf 91' lang='lat' dir='ltr'><strong>in</strong></span> <span class='ocrx_word' id='word_1_216' title='bbox 1492 3526 1650 3591; x_wconf 88' lang='lat' dir='ltr'><strong>eccl.</strong></span> <span class='ocrx_word' id='word_1_217' title='bbox 1691 3527 1842 3591; x_wconf 90' lang='lat' dir='ltr'><strong>n’ra</strong></span> <span class='ocrx_word' id='word_1_218' title='bbox 1880 3527 2126 3612; x_wconf 87' lang='lat' dir='ltr'><strong>Colleg.</strong></span> <span class='ocrx_word' id='word_1_219' title='bbox 2167 3527 2479 3612; x_wconf 90' lang='lat' dir='ltr'><strong>predicta</strong></span> <span class='ocrx_word' id='word_1_220' title='bbox 2515 3530 2584 3594; x_wconf 91' lang='lat' dir='ltr'><strong>in</strong></span> <span class='ocrx_word' id='word_1_221' title='bbox 2621 3552 2772 3615; x_wconf 90' lang='lat' dir='ltr'><strong>per-</strong></span> 
     </span>
     <span class='ocr_line' id='line_1_35' title="bbox 550 3630 2770 3717; baseline 0.001 -20"><span class='ocrx_word' id='word_1_222' title='bbox 550 3652 791 3697; x_wconf 90' lang='lat' dir='ltr'><strong>sonam</strong></span> <span class='ocrx_word' id='word_1_223' title='bbox 860 3632 963 3696; x_wconf 90' lang='lat' dir='ltr'><strong>sui</strong></span> <span class='ocrx_word' id='word_1_224' title='bbox 1032 3630 1493 3715; x_wconf 79' lang='lat' dir='ltr'><strong>procuratoris</strong></span> <span class='ocrx_word' id='word_1_225' title='bbox 1561 3631 1749 3707; x_wconf 91' lang='lat' dir='ltr'><strong>dicti,</strong></span> <span class='ocrx_word' id='word_1_226' title='bbox 1821 3637 1889 3695; x_wconf 90' lang='lat' dir='ltr'><strong>et</strong></span> <span class='ocrx_word' id='word_1_227' title='bbox 1960 3632 2188 3717; x_wconf 91' lang='lat' dir='ltr'><strong>ipsum</strong></span> <span class='ocrx_word' id='word_1_228' title='bbox 2255 3640 2770 3717; x_wconf 89' lang='lat' dir='ltr'><strong>procuratorem</strong></span> 
     </span>
     <span class='ocr_line' id='line_1_36' title="bbox 550 3734 2773 3819; baseline 0.001 -19"><span class='ocrx_word' id='word_1_229' title='bbox 550 3757 752 3801; x_wconf 91' lang='lat' dir='ltr'><strong>suum</strong></span> <span class='ocrx_word' id='word_1_230' title='bbox 798 3735 867 3800; x_wconf 91' lang='lat' dir='ltr'><strong>in</strong></span> <span class='ocrx_word' id='word_1_231' title='bbox 913 3754 1275 3819; x_wconf 84' lang='lat' dir='ltr'><strong>personam</strong></span> <span class='ocrx_word' id='word_1_232' title='bbox 1320 3734 1426 3799; x_wconf 92' lang='lat' dir='ltr'><strong>sui</strong></span> <span class='ocrx_word' id='word_1_233' title='bbox 1471 3735 1898 3800; x_wconf 90' lang='lat' dir='ltr'><strong>instituimus</strong></span> <span class='ocrx_word' id='word_1_234' title='bbox 1944 3743 2014 3800; x_wconf 90' lang='lat' dir='ltr'><strong>et</strong></span> <span class='ocrx_word' id='word_1_235' title='bbox 2061 3736 2544 3803; x_wconf 88' lang='lat' dir='ltr'><strong>inuestiuimus</strong></span> <span class='ocrx_word' id='word_1_236' title='bbox 2589 3738 2773 3804; x_wconf 89' lang='lat' dir='ltr'><strong>dicte</strong></span> 
     </span>
     <span class='ocr_line' id='line_1_37' title="bbox 550 3839 2772 3925; baseline 0.002 -21"><span class='ocrx_word' id='word_1_237' title='bbox 550 3839 1084 3925; x_wconf 89' lang='lat' dir='ltr'><strong>permutacionis</strong></span> <span class='ocrx_word' id='word_1_238' title='bbox 1158 3845 1451 3923; x_wconf 90' lang='lat' dir='ltr'><strong>optentu</strong></span> <span class='ocrx_word' id='word_1_239' title='bbox 1526 3840 1850 3904; x_wconf 89' lang='lat' dir='ltr'><strong>canonice</strong></span> <span class='ocrx_word' id='word_1_240' title='bbox 1925 3840 1994 3905; x_wconf 93' lang='lat' dir='ltr'><strong>in</strong></span> <span class='ocrx_word' id='word_1_241' title='bbox 2069 3841 2326 3905; x_wconf 89' lang='lat' dir='ltr'><strong>eisdem</strong></span> <span class='ocrx_word' id='word_1_242' title='bbox 2400 3863 2558 3907; x_wconf 90' lang='lat' dir='ltr'><strong>cum</strong></span> <span class='ocrx_word' id='word_1_243' title='bbox 2631 3844 2772 3908; x_wconf 88' lang='lat' dir='ltr'><strong>suis</strong></span> 
     </span>
     <span class='ocr_line' id='line_1_38' title="bbox 551 3944 2772 4031; baseline 0.002 -22"><span class='ocrx_word' id='word_1_244' title='bbox 551 3944 811 4010; x_wconf 90' lang='lat' dir='ltr'><strong>iuribus</strong></span> <span class='ocrx_word' id='word_1_245' title='bbox 859 3951 928 4008; x_wconf 86' lang='lat' dir='ltr'><strong>et</strong></span> <span class='ocrx_word' id='word_1_246' title='bbox 976 3944 1221 4028; x_wconf 89' lang='lat' dir='ltr'><strong>pertin.</strong></span> <span class='ocrx_word' id='word_1_247' title='bbox 1273 3944 1626 4009; x_wconf 80' lang='lat' dir='ltr'><strong>vniuersiS.</strong></span> <span class='ocrx_word' id='word_1_248' title='bbox 1721 3944 1933 4009; x_wconf 91' lang='lat' dir='ltr'><strong>Vobis</strong></span> <span class='ocrx_word' id='word_1_249' title='bbox 1982 3945 2395 4010; x_wconf 88' lang='lat' dir='ltr'><strong>mandamus</strong></span> <span class='ocrx_word' id='word_1_250' title='bbox 2441 3948 2772 4031; x_wconf 91' lang='lat' dir='ltr'><strong>quatinus</strong></span> 
     </span>
     <span class='ocr_line' id='line_1_39' title="bbox 549 4049 2769 4133; baseline 0.001 -19"><span class='ocrx_word' id='word_1_251' title='bbox 549 4050 731 4115; x_wconf 87' lang='lat' dir='ltr'><strong>circa</strong></span> <span class='ocrx_word' id='word_1_252' title='bbox 810 4049 1156 4133; x_wconf 83' lang='lat' dir='ltr'><strong>prefatum</strong></span> <span class='ocrx_word' id='word_1_253' title='bbox 1235 4049 1571 4133; x_wconf 88' lang='lat' dir='ltr'><strong>Mag’rum</strong></span> <span class='ocrx_word' id='word_1_254' title='bbox 1647 4049 1986 4113; x_wconf 91' lang='lat' dir='ltr'><strong>Thomam</strong></span> <span class='ocrx_word' id='word_1_255' title='bbox 2066 4049 2178 4113; x_wconf 89' lang='lat' dir='ltr'><strong>vel</strong></span> <span class='ocrx_word' id='word_1_256' title='bbox 2258 4056 2769 4133; x_wconf 89' lang='lat' dir='ltr'><strong>procuratorem</strong></span> 
     </span>
     <span class='ocr_line' id='line_1_40' title="bbox 550 4152 2770 4239; baseline 0.001 -20"><span class='ocrx_word' id='word_1_257' title='bbox 550 4174 753 4219; x_wconf 90' lang='lat' dir='ltr'><strong>suum</strong></span> <span class='ocrx_word' id='word_1_258' title='bbox 785 4154 928 4217; x_wconf 91' lang='lat' dir='ltr'><strong>eius</strong></span> <span class='ocrx_word' id='word_1_259' title='bbox 965 4152 1241 4217; x_wconf 89' lang='lat' dir='ltr'><strong>nomine</strong></span> <span class='ocrx_word' id='word_1_260' title='bbox 1277 4153 1546 4217; x_wconf 85' lang='lat' dir='ltr'><strong>faciatis</strong></span> <span class='ocrx_word' id='word_1_261' title='bbox 1592 4153 1898 4228; x_wconf 77' lang='lat' dir='ltr'><strong>vlteriu5‚</strong></span> <span class='ocrx_word' id='word_1_262' title='bbox 1939 4158 2007 4217; x_wconf 91' lang='lat' dir='ltr'><strong>et</strong></span> <span class='ocrx_word' id='word_1_263' title='bbox 2059 4154 2495 4239; x_wconf 76' lang='lat' dir='ltr'><strong>exequamini</strong></span> <span class='ocrx_word' id='word_1_264' title='bbox 2533 4155 2602 4220; x_wconf 90' lang='lat' dir='ltr'><strong>in</strong></span> <span class='ocrx_word' id='word_1_265' title='bbox 2641 4157 2770 4221; x_wconf 88' lang='lat' dir='ltr'><strong>hac</strong></span> 
     </span>
     <span class='ocr_line' id='line_1_41' title="bbox 550 4255 2766 4343; baseline 0.002 -22"><span class='ocrx_word' id='word_1_266' title='bbox 550 4262 748 4343; x_wconf 86' lang='lat' dir='ltr'><strong>parte</strong></span> <span class='ocrx_word' id='word_1_267' title='bbox 793 4255 980 4341; x_wconf 93' lang='lat' dir='ltr'><strong>quod</strong></span> <span class='ocrx_word' id='word_1_268' title='bbox 1021 4261 1123 4319; x_wconf 90' lang='lat' dir='ltr'><strong>est</strong></span> <span class='ocrx_word' id='word_1_269' title='bbox 1174 4262 1502 4320; x_wconf 89' lang='lat' dir='ltr'><strong>vestrum.</strong></span> <span class='ocrx_word' id='word_1_270' title='bbox 1598 4258 1760 4322; x_wconf 89' lang='lat' dir='ltr'><strong>Dat.</strong></span> <span class='ocrx_word' id='word_1_271' title='bbox 1804 4258 1874 4321; x_wconf 91' lang='lat' dir='ltr'><strong>in</strong></span> <span class='ocrx_word' id='word_1_272' title='bbox 1917 4264 2145 4323; x_wconf 90' lang='lat' dir='ltr'><strong>castro</strong></span> <span class='ocrx_word' id='word_1_273' title='bbox 2184 4260 2333 4324; x_wconf 90' lang='lat' dir='ltr'><strong>n’ro</strong></span> <span class='ocrx_word' id='word_1_274' title='bbox 2372 4259 2455 4323; x_wconf 90' lang='lat' dir='ltr'><strong>de</strong></span> <span class='ocrx_word' id='word_1_275' title='bbox 2494 4259 2766 4338; x_wconf 89' lang='lat' dir='ltr'><strong>Cawod,</strong></span> 
     </span>
     <span class='ocr_line' id='line_1_42' title="bbox 547 4359 2770 4444; baseline 0.002 -17"><span class='ocrx_word' id='word_1_276' title='bbox 547 4361 912 4427; x_wconf 90' lang='lat' dir='ltr'><strong>vndecimo</strong></span> <span class='ocrx_word' id='word_1_277' title='bbox 966 4360 1075 4424; x_wconf 93' lang='lat' dir='ltr'><strong>die</strong></span> <span class='ocrx_word' id='word_1_278' title='bbox 1128 4380 1341 4424; x_wconf 90' lang='lat' dir='ltr'><strong>mens.</strong></span> <span class='ocrx_word' id='word_1_279' title='bbox 1401 4359 1686 4444; x_wconf 88' lang='lat' dir='ltr'><strong>Januar.</strong></span> <span class='ocrx_word' id='word_1_280' title='bbox 1744 4364 1947 4429; x_wconf 86' lang='lat' dir='ltr'><strong>Anno</strong></span> <span class='ocrx_word' id='word_1_281' title='bbox 2002 4364 2145 4429; x_wconf 90' lang='lat' dir='ltr'><strong>d’ni</strong></span> <span class='ocrx_word' id='word_1_282' title='bbox 2202 4364 2486 4430; x_wconf 89' lang='lat' dir='ltr'><strong>Mill&#39;mo</strong></span> <span class='ocrx_word' id='word_1_283' title='bbox 2533 4380 2770 4431; x_wconf 79' lang='lat' dir='ltr'><strong>ccccm0</strong></span> 
     </span>
     <span class='ocr_line' id='line_1_43' title="bbox 548 4463 2186 4534; baseline 0.001 -1"><span class='ocrx_word' id='word_1_284' title='bbox 548 4474 799 4533; x_wconf 91' lang='lat' dir='ltr'><strong>octauo</strong></span> <span class='ocrx_word' id='word_1_285' title='bbox 831 4470 899 4529; x_wconf 91' lang='lat' dir='ltr'><strong>et</strong></span> <span class='ocrx_word' id='word_1_286' title='bbox 931 4465 1075 4529; x_wconf 88' lang='lat' dir='ltr'><strong>n&#39;re</strong></span> <span class='ocrx_word' id='word_1_287' title='bbox 1113 4463 1611 4531; x_wconf 86' lang='lat' dir='ltr'><strong>Translacionis</strong></span> <span class='ocrx_word' id='word_1_288' title='bbox 1647 4489 1830 4533; x_wconf 89' lang='lat' dir='ltr'><strong>anno</strong></span> <span class='ocrx_word' id='word_1_289' title='bbox 1866 4468 2186 4534; x_wconf 90' lang='lat' dir='ltr'><strong>secundo.</strong></span> 
     </span>
    </p>
   </div>
   <div class='ocr_carea' id='block_1_9' title="bbox 726 4581 2428 4671">
    <p class='ocr_par' dir='ltr' id='par_1_9' title="bbox 726 4581 2428 4671">
     <span class='ocr_line' id='line_1_44' title="bbox 726 4581 2428 4671; baseline 0.002 -23"><span class='ocrx_word' id='word_1_290' title='bbox 726 4582 926 4649; x_wconf 91' lang='lat' dir='ltr'><strong>Istud</strong></span> <span class='ocrx_word' id='word_1_291' title='bbox 960 4581 1371 4647; x_wconf 89' lang='lat' dir='ltr'><strong>mandatum</strong></span> <span class='ocrx_word' id='word_1_292' title='bbox 1410 4582 1541 4647; x_wconf 84' lang='lat' dir='ltr'><strong>fuit</strong></span> <span class='ocrx_word' id='word_1_293' title='bbox 1578 4593 2052 4669; x_wconf 88' lang='lat' dir='ltr'><strong>presentatum</strong></span> <span class='ocrx_word' id='word_1_294' title='bbox 2090 4586 2428 4671; x_wconf 84' lang='lat' dir='ltr'><strong>CapituIO.</strong></span> 
     </span>
    </p>
   </div>
   <div class='ocr_carea' id='block_1_10' title="bbox 3212 12 3217 599">
    <p class='ocr_par' dir='ltr' id='par_1_10' title="bbox 3212 12 3217 599">
     <span class='ocr_line' id='line_1_45' title="bbox 3212 12 3217 599; baseline 0 0"><span class='ocrx_word' id='word_1_295' title='bbox 3212 12 3217 599; x_wconf 95' lang='lat' dir='ltr'><strong> </strong></span> 
     </span>
    </p>
   </div>
  </div>
 </body>
</html>
