3217 5117
615 452 745 516 214
1182 433 1341 498 THE
1390 431 1704 497 INGILBY
1751 428 2246 494 MANuscmi’r.

618 613 778 678 eccl.
821 613 971 678 coll.
1014 612 1328 697 predicta
1366 630 1487 695 per
1524 630 1772 673 manus
1811 604 2176 690 Camerarij
2221 607 2528 671 eiusdem
2567 606 2844 671 ecclesie

618 717 736 802 qui
767 738 892 802 pro
923 724 1231 803 tempore
1262 714 1468 780 fuerit
1498 713 1586 778 ad
1616 718 1919 797 quatuor
1946 712 2108 776 anni
2141 710 2492 787 terminOS,
2525 710 2842 774 videlicet

621 821 751 887 S'ci
824 821 1083 885 Thome
1128 818 1468 903 Apostoli
1539 824 1704 881 ante
1775 816 2026 881 Natale
2099 815 2280 891 D’ni,
2356 813 2846 898 Concepcionis

620 927 823 990 beate
862 924 1071 990 Marie
1110 923 1411 1009 virginiS,
1453 922 1866 986 Natiuitatis
1905 921 2092 986 beati
2131 920 2354 1003 Joh’is
2393 919 2733 1003 Baptiste,
2775 925 2843 982 et

622 1030 753 1094 S’ci
803 1028 1149 1093 Michaelis
1194 1026 1601 1112 Archangeli
1649 1046 1770 1109 per
1815 1025 2090 1110 equales
2137 1024 2538 1109 porciones;
2617 1023 2845 1087 Primo

623 1154 786 1198 vero
852 1132 1145 1197 termino
1208 1130 1575 1196 solucionis
1640 1130 2010 1213 incipiente
2076 1128 2145 1193 in
2212 1128 2400 1193 dicto
2468 1128 2647 1192 festo
2713 1126 2844 1192 S·ci

623 1237 883 1302 Thome
950 1257 1142 1322 prox.
1214 1237 1450 1300 futuro
1517 1241 1675 1319 post
1743 1234 1984 1298 datam
2050 1232 2499 1317 presencium.
2621 1232 2844 1316 Quam

623 1342 902 1427 quidem
930 1341 1327 1426 pensionem
1356 1340 1440 1403 de
1469 1338 1829 1414 fructibus,
1861 1337 2264 1411 redditibus,
2295 1342 2363 1399 et
2392 1336 2846 1420 prouentibus

624 1446 928 1510 eiusdem
962 1444 1213 1509 vicarie
1248 1443 1573 1527 predictis
1606 1442 1756 1507 loco
1790 1448 1859 1505 et
1897 1442 2204 1506 terminis
2239 1441 2326 1505 ad
2364 1447 2590 1506 totam
2627 1440 2844 1504 vitam

623 1550 911 1634 predicti
992 1549 1133 1614 d'ni
1216 1547 1451 1612 Rob’ti
1534 1546 1898 1611 annuatim
1977 1553 2055 1610 vt
2135 1547 2476 1629 prefertur
2557 1544 2848 1609 fideliter

623 1653 1147 1739 persoluendam
1175 1653 1445 1737 prefato
1474 1652 1638 1716 d’no
1668 1650 1946 1736 Hugoni
1975 1650 2232 1715 vicario
2261 1650 2511 1714 vicarie
2541 1649 2846 1733 predicte

623 1766 693 1822 et
739 1758 1239 1823 successoribus
1283 1756 1422 1821 suis
1466 1756 1587 1840 qui
1635 1774 1758 1839 pro
1805 1760 2112 1839 tempore
2159 1754 2414 1818 fuerint
2461 1754 2530 1817 in
2579 1754 2842 1829 eadem,

624 1862 855 1947 vigore
896 1869 966 1926 et
1007 1860 1267 1926 virtute
1308 1859 1782 1925 submissionis
1823 1858 2126 1943 predicte
2167 1879 2248 1922 ac
2288 1858 2626 1942 presentis
2667 1857 2845 1922 ordi-

624 1965 928 2031 nacionis
975 1971 1225 2041 nostre,
1276 1971 1623 2049 quantum
1670 1963 1754 2027 de
1801 1963 1944 2027 iure
1992 1983 2376 2046 possumuS,
2428 1961 2848 2046 imponimus

624 2091 781 2135 cum
833 2071 1105 2141 effectu.
1162 2091 1240 2134 ac
1293 2068 1587 2133 eundem
1641 2068 1832 2132 d'nm
1887 2068 2253 2152 Hugonem
2305 2074 2375 2131 et
2426 2086 2848 2132 successores

624 2195 784 2240 suos
818 2174 901 2238 de
937 2174 1125 2239 dicta
1158 2172 1482 2257 pensione
1516 2172 1725 2236 modo
1759 2193 1898 2256 quo
1933 2171 2362 2255 premittitur
2393 2171 2848 2256 persoluenda

624 2278 989 2343 efficaciter
1008 2298 1371 2343 oneramus
1402 2297 1415 2351 ;
1471 2277 1844 2360 Ipsumque
1867 2282 1938 2339 et
1961 2276 2142 2359 ipsos
2163 2282 2398 2340 tenore
2419 2273 2848 2360 presencium

626 2402 983 2447 monemus
1032 2382 1253 2466 primo
1301 2380 1602 2445 secundo
1651 2387 1721 2444 et
1771 2379 1982 2444 tercio
2030 2401 2109 2443 ac
2157 2380 2636 2464 peremptorie,
2687 2400 2846 2445 cum

625 2486 847 2571 pietas
896 2486 1185 2551 suadeat
1236 2491 1304 2549 et
1356 2484 1839 2569 premissorum
1890 2483 2190 2568 qualitas
2239 2483 2309 2547 id
2360 2490 2710 2568 exposcat,
2765 2489 2845 2548 vt

626 2590 803 2655 hanc
834 2597 1142 2656 nostram
1176 2588 1685 2654 ordinacionem
1717 2594 1786 2652 et
1817 2587 2084 2673 singula
2113 2594 2444 2653 contenta
2473 2588 2546 2653 in
2577 2588 2842 2663 eadem,

625 2700 971 2779 quatenus
1008 2714 1165 2758 eum
1204 2700 1275 2757 et
1314 2713 1428 2757 eos
1465 2699 1911 2768 concernunt,
1953 2692 2338 2775 proficiant,
2380 2692 2736 2777 impleant,
2780 2698 2850 2756 et

627 2800 995 2863 obseruent
1062 2798 1191 2862 sub
1260 2817 1439 2881 pena
1507 2796 2243 2861 excommunicacionis
2309 2817 2522 2881 quam
2591 2803 2852 2861 extunc

626 2908 833 2987 prout
866 2909 1123 2967 extunc
1155 2907 1224 2965 et
1258 2908 1515 2965 extunc
1547 2906 1755 2983 prout
1789 2906 2065 2976 extunc,
2101 2901 2432 2965 canonica
2463 2900 2851 2966 monicione

627 3006 955 3092 premissa
982 3006 1051 3071 in
1080 3026 1236 3070 eum
1264 3010 1333 3068 et
1362 3025 1475 3068 eos
1504 3024 1583 3068 ac
1609 3004 1987 3089 quemlibet
2016 3005 2388 3070 eorundem
2414 3005 2854 3091 singulariter

627 3116 696 3175 et
738 3110 1039 3195 singulos
1080 3110 1133 3173 si
1178 3107 1569 3173 huiusmodi
1612 3115 1843 3172 nostre
1885 3108 2323 3173 ordinacione
2362 3130 2500 3173 non
2543 3108 2852 3193 paruerit

626 3235 746 3279 seu
807 3214 1157 3299 paruerint
1220 3211 1630 3297 proferimus
1690 3211 1760 3276 in
1822 3212 1956 3295 hijs
2015 3212 2306 3296 scriptis.
2402 3213 2851 3297 Sequestrum

628 3318 844 3383 eciam
906 3324 1220 3383 nostrum
1283 3318 1352 3381 in
1417 3316 1756 3381 fructibus
1818 3315 2202 3381 redditibus
2263 3324 2332 3381 et
2396 3317 2852 3401 prouentibus

630 3423 812 3489 dicte
877 3422 1127 3486 vicarie
1194 3441 1463 3485 exnunc
1528 3421 1946 3504 imponimus
2010 3422 2066 3484 si
2131 3421 2358 3486 dictus
2423 3421 2578 3486 d’ns
2643 3422 2852 3507 Hugo

630 3527 925 3591 vicarius
961 3526 1329 3590 modernus
1365 3546 1485 3589 seu
1520 3545 1939 3589 successores
1973 3525 2078 3589 sui
2116 3526 2184 3589 in
2223 3526 2410 3590 dicta
2447 3526 2704 3591 vicaria
2741 3526 2852 3590 vel

631 3652 868 3695 eorum
908 3630 1153 3714 aliquis
1193 3629 1396 3693 dictis
1434 3630 1583 3693 loco
1624 3634 1692 3692 et
1736 3629 2042 3693 terminis
2083 3630 2192 3693 vel
2231 3650 2466 3694 eorum
2507 3630 2741 3715 aliquo
2781 3630 2852 3694 in

630 3735 973 3800 solucione
1027 3733 1209 3798 dicte
1262 3733 1605 3817 pensionis
1659 3734 1728 3797 in
1783 3740 1979 3818 parte
2033 3734 2140 3797 vel
2197 3733 2265 3798 in
2320 3740 2471 3798 toto
2525 3734 2850 3799 defecerit

632 3839 739 3903 vel
789 3838 1160 3902 defecerint
1208 3837 1721 3922 quoquomodO,
1773 3838 2104 3902 canonica
2151 3838 2534 3903 monicione
2581 3859 2852 3923 semper

631 3943 980 4028 premissa,
1040 3947 1119 4005 vt
1178 3941 1536 4026 prefertur.
1658 3941 1992 4006 Volumus
2049 3942 2264 4006 eciam
2323 3948 2391 4005 et
2449 3943 2851 4009 ordinamus

629 4046 817 4132 quod
860 4046 1209 4129 predictus
1251 4045 1405 4109 d'ns
1449 4045 1654 4131 Hugo
1697 4046 1992 4110 vicarius
2035 4046 2402 4111 modernus
2445 4052 2514 4111 et
2556 4046 2851 4131 quilibet

630 4150 775 4215 eius
836 4170 1182 4214 successor
1244 4150 1310 4214 in
1375 4150 1634 4214 vicaria
1695 4149 2006 4233 predicta
2068 4150 2137 4214 in
2203 4150 2412 4215 futur'
2479 4150 2548 4215 in
2611 4170 2849 4216 eorum

628 4254 956 4339 primaria
1002 4254 1413 4318 admissione
1461 4254 1660 4327 iuret,
1715 4255 1919 4318 tactis
1966 4255 2418 4319 sacrosanctis
2465 4255 2592 4319 Dei
2641 4276 2848 4320 euan-

626 4358 822 4444 gelijs
882 4358 1069 4443 quod
1130 4358 1377 4421 soluet¹
1445 4358 1704 4422 dictam
1769 4379 2071 4423 annuam
2133 4359 2551 4443 pensionem,
2617 4360 2846 4436 mod0‚

772 4516 785 4538 ¹
813 4512 931 4561 The
950 4516 983 4535 “
1002 4514 1027 4561 t
1044 4511 1076 4532 ''
1097 4511 1142 4560 is
1160 4511 1411 4561 followed
1432 4511 1509 4575 by
1527 4511 1626 4560 the
1642 4511 1799 4561 usual
1819 4511 1978 4559 mark
1995 4511 2079 4560 for
2101 4516 2128 4533 ‘⁸
2149 4512 2250 4568 is,'’
2270 4526 2331 4561 as
2348 4512 2390 4559 if
2406 4512 2490 4561 for
2510 4516 2540 4534 ‘¹
2559 4512 2844 4563 solueti5.'’
