<?xml version="1.0" encoding="UTF-8"?>
<!DOCTYPE html PUBLIC "-//W3C//DTD XHTML 1.0 Transitional//EN"
    "http://www.w3.org/TR/xhtml1/DTD/xhtml1-transitional.dtd">
<html xmlns="http://www.w3.org/1999/xhtml" xml:lang="en" lang="en">
 <head>
  <title>
</title>
<meta http-equiv="Content-Type" content="text/html;charset=utf-8" />
  <meta name='ocr-system' content='tesseract 3.04.00' />
  <meta name='ocr-capabilities' content='ocr_page ocr_carea ocr_par ocr_line ocrx_word'/>
</head>
<body>
  <div class='ocr_page' id='page_1' title='image "./memorialschurch00socigoog_0065.png"; bbox 0 0 3217 5117; ppageno 0'>
   <div class='ocr_carea' id='block_1_1' title="bbox 573 440 2223 505">
    <p class='ocr_par' dir='ltr' id='par_1_1' title="bbox 573 440 2223 505">
     <span class='ocr_line' id='line_1_1' title="bbox 573 440 2223 505; baseline -0.002 0"><span class='ocrx_word' id='word_1_1' title='bbox 573 442 656 505; x_wconf 85' lang='lat'><strong>26</strong></span> <span class='ocrx_word' id='word_1_2' title='bbox 1119 440 1286 504; x_wconf 70' lang='lat' dir='ltr'><strong>Tne</strong></span> <span class='ocrx_word' id='word_1_3' title='bbox 1339 440 1647 505; x_wconf 71' lang='grc' dir='ltr'><strong>Ικοιιεγ</strong></span> <span class='ocrx_word' id='word_1_4' title='bbox 1702 440 2223 503; x_wconf 44' lang='lat' dir='ltr'><strong>Mirm-sempr.</strong></span> 
     </span>
    </p>
   </div>
   <div class='ocr_carea' id='block_1_2' title="bbox 572 610 2777 799">
    <p class='ocr_par' dir='ltr' id='par_1_2' title="bbox 572 610 2777 799">
     <span class='ocr_line' id='line_1_2' title="bbox 572 610 2777 695; baseline -0.001 -18"><span class='ocrx_word' id='word_1_5' title='bbox 572 629 664 677; x_wconf 91' lang='lat'><strong>11.</strong></span> <span class='ocrx_word' id='word_1_6' title='bbox 759 618 900 695; x_wconf 80' lang='lat'>(23)</span> <span class='ocrx_word' id='word_1_7' title='bbox 977 615 1260 678; x_wconf 56' lang='lat' dir='ltr'><strong>Nat-nv.</strong></span> <span class='ocrx_word' id='word_1_8' title='bbox 1381 614 1635 693; x_wconf 84' lang='lat' dir='ltr'><strong>(Grant</strong></span> <span class='ocrx_word' id='word_1_9' title='bbox 1680 612 1759 677; x_wconf 89' lang='lat' dir='ltr'><strong>of</strong></span> <span class='ocrx_word' id='word_1_10' title='bbox 1814 612 1975 676; x_wconf 89' lang='lat' dir='ltr'><strong>land</strong></span> <span class='ocrx_word' id='word_1_11' title='bbox 2038 612 2175 676; x_wconf 88' lang='lat' dir='ltr'><strong>and</strong></span> <span class='ocrx_word' id='word_1_12' title='bbox 2230 633 2273 675; x_wconf 90' lang='lat' dir='ltr'><strong>a</strong></span> <span class='ocrx_word' id='word_1_13' title='bbox 2330 611 2475 677; x_wconf 88' lang='lat' dir='ltr'><strong>neif</strong></span> <span class='ocrx_word' id='word_1_14' title='bbox 2528 624 2599 675; x_wconf 88' lang='lat' dir='ltr'><strong>to</strong></span> <span class='ocrx_word' id='word_1_15' title='bbox 2661 610 2777 675; x_wconf 90' lang='lat' dir='ltr'><strong>the</strong></span> 
     </span>
     <span class='ocr_line' id='line_1_3' title="bbox 655 714 1684 799; baseline -0.007 -16"><span class='ocrx_word' id='word_1_16' title='bbox 655 716 914 783; x_wconf 87' lang='lat' dir='ltr'><strong>church</strong></span> <span class='ocrx_word' id='word_1_17' title='bbox 953 718 1042 799; x_wconf 92' lang='lat' dir='ltr'><strong>by</strong></span> <span class='ocrx_word' id='word_1_18' title='bbox 1077 714 1332 779; x_wconf 89' lang='lat' dir='ltr'><strong>Osbert</strong></span> <span class='ocrx_word' id='word_1_19' title='bbox 1369 714 1684 795; x_wconf 87' lang='lat' dir='ltr'><strong>Warde).</strong></span> 
     </span>
    </p>
   </div>
   <div class='ocr_carea' id='block_1_3' title="bbox 568 861 2783 2335">
    <p class='ocr_par' dir='ltr' id='par_1_3' title="bbox 568 861 2783 2335">
     <span class='ocr_line' id='line_1_4' title="bbox 743 861 2778 946; baseline -0.003 -15"><span class='ocrx_word' id='word_1_20' title='bbox 743 866 1097 931; x_wconf 87' lang='lat' dir='ltr'>Omnibus</span> <span class='ocrx_word' id='word_1_21' title='bbox 1139 880 1375 929; x_wconf 87' lang='lat' dir='ltr'><strong>sancte</strong></span> <span class='ocrx_word' id='word_1_22' title='bbox 1426 864 1665 928; x_wconf 89' lang='lat' dir='ltr'><strong>matris</strong></span> <span class='ocrx_word' id='word_1_23' title='bbox 1710 864 1997 929; x_wconf 85' lang='lat' dir='ltr'><strong>ecclesie</strong></span> <span class='ocrx_word' id='word_1_24' title='bbox 2045 862 2231 937; x_wconf 87' lang='lat' dir='ltr'><strong>filiis,</strong></span> <span class='ocrx_word' id='word_1_25' title='bbox 2272 878 2407 927; x_wconf 90' lang='lat' dir='ltr'><strong>tam</strong></span> <span class='ocrx_word' id='word_1_26' title='bbox 2448 861 2778 946; x_wconf 89' lang='lat' dir='ltr'><strong>presenti·</strong></span> 
     </span>
     <span class='ocr_line' id='line_1_5' title="bbox 571 960 2771 1049; baseline -0.003 -18"><span class='ocrx_word' id='word_1_27' title='bbox 571 968 702 1032; x_wconf 91' lang='lat' dir='ltr'><strong>bus</strong></span> <span class='ocrx_word' id='word_1_28' title='bbox 767 986 978 1049; x_wconf 90' lang='lat' dir='ltr'><strong>quam</strong></span> <span class='ocrx_word' id='word_1_29' title='bbox 1058 964 1329 1041; x_wconf 86' lang='lat' dir='ltr'><strong>futuris,</strong></span> <span class='ocrx_word' id='word_1_30' title='bbox 1411 964 1497 1027; x_wconf 89' lang='lat' dir='ltr'><strong>ad</strong></span> <span class='ocrx_word' id='word_1_31' title='bbox 1575 984 1757 1046; x_wconf 90' lang='lat' dir='ltr'><strong>quos</strong></span> <span class='ocrx_word' id='word_1_32' title='bbox 1836 964 2027 1028; x_wconf 89' lang='lat' dir='ltr'><strong>litere</strong></span> <span class='ocrx_word' id='word_1_33' title='bbox 2104 964 2232 1027; x_wconf 91' lang='lat' dir='ltr'><strong>iste</strong></span> <span class='ocrx_word' id='word_1_34' title='bbox 2310 960 2771 1045; x_wconf 81' lang='lat' dir='ltr'><strong>peruenerint,</strong></span> 
     </span>
     <span class='ocr_line' id='line_1_6' title="bbox 571 1060 2770 1139; baseline -0.003 -10"><span class='ocrx_word' id='word_1_35' title='bbox 571 1064 913 1131; x_wconf 86' lang='lat' dir='ltr'><strong>Osbertus</strong></span> <span class='ocrx_word' id='word_1_36' title='bbox 949 1063 1234 1139; x_wconf 80' lang='lat' dir='ltr'><strong>warde,</strong></span> <span class='ocrx_word' id='word_1_37' title='bbox 1275 1065 1568 1129; x_wconf 84' lang='lat' dir='ltr'><strong>salutern</strong></span> <span class='ocrx_word' id='word_1_38' title='bbox 1608 1063 1676 1125; x_wconf 92' lang='lat' dir='ltr'><strong>in</strong></span> <span class='ocrx_word' id='word_1_39' title='bbox 1726 1064 2057 1127; x_wconf 91' lang='lat' dir='ltr'><strong>Domino.</strong></span> <span class='ocrx_word' id='word_1_40' title='bbox 2157 1062 2412 1127; x_wconf 83' lang='lat' dir='ltr'><strong>Sciatis</strong></span> <span class='ocrx_word' id='word_1_41' title='bbox 2462 1083 2571 1127; x_wconf 90' lang='lat' dir='ltr'><strong>me</strong></span> <span class='ocrx_word' id='word_1_42' title='bbox 2617 1060 2770 1126; x_wconf 89' lang='lat' dir='ltr'><strong>ded.</strong></span> 
     </span>
     <span class='ocr_line' id='line_1_7' title="bbox 571 1160 2779 1237; baseline -0.003 -7"><span class='ocrx_word' id='word_1_43' title='bbox 571 1180 638 1230; x_wconf 84' lang='lat' dir='ltr'><strong>et</strong></span> <span class='ocrx_word' id='word_1_44' title='bbox 666 1184 860 1231; x_wconf 89' lang='lat' dir='ltr'><strong>conc.</strong></span> <span class='ocrx_word' id='word_1_45' title='bbox 900 1178 966 1229; x_wconf 89' lang='lat' dir='ltr'><strong>et</strong></span> <span class='ocrx_word' id='word_1_46' title='bbox 1001 1164 1128 1228; x_wconf 87' lang='lat' dir='ltr'><strong>hac</strong></span> <span class='ocrx_word' id='word_1_47' title='bbox 1161 1176 1348 1229; x_wconf 87' lang='lat' dir='ltr'><strong>carta</strong></span> <span class='ocrx_word' id='word_1_48' title='bbox 1383 1184 1534 1227; x_wconf 88' lang='lat' dir='ltr'><strong>mea</strong></span> <span class='ocrx_word' id='word_1_49' title='bbox 1567 1161 1777 1237; x_wconf 72' lang='lat' dir='ltr'><strong>confi,</strong></span> <span class='ocrx_word' id='word_1_50' title='bbox 1818 1183 2167 1227; x_wconf 90' lang='lat' dir='ltr'><strong>consensu</strong></span> <span class='ocrx_word' id='word_1_51' title='bbox 2215 1176 2281 1226; x_wconf 90' lang='lat' dir='ltr'><strong>et</strong></span> <span class='ocrx_word' id='word_1_52' title='bbox 2326 1160 2779 1226; x_wconf 84' lang='lat' dir='ltr'><strong>concessione</strong></span> 
     </span>
     <span class='ocr_line' id='line_1_8' title="bbox 577 1262 2780 1344; baseline 0 -17"><span class='ocrx_word' id='word_1_53' title='bbox 577 1264 818 1329; x_wconf 91' lang='lat' dir='ltr'><strong>luonis</strong></span> <span class='ocrx_word' id='word_1_54' title='bbox 871 1262 1099 1326; x_wconf 85' lang='lat' dir='ltr'><strong>fratris</strong></span> <span class='ocrx_word' id='word_1_55' title='bbox 1153 1275 1218 1327; x_wconf 94' lang='lat' dir='ltr'><strong>et</strong></span> <span class='ocrx_word' id='word_1_56' title='bbox 1283 1262 1555 1327; x_wconf 89' lang='lat' dir='ltr'><strong>heredis</strong></span> <span class='ocrx_word' id='word_1_57' title='bbox 1609 1266 1766 1344; x_wconf 85' lang='lat' dir='ltr'><strong>mei,</strong></span> <span class='ocrx_word' id='word_1_58' title='bbox 1834 1266 1989 1330; x_wconf 91' lang='lat' dir='ltr'><strong>Deo</strong></span> <span class='ocrx_word' id='word_1_59' title='bbox 2042 1276 2107 1329; x_wconf 89' lang='lat' dir='ltr'><strong>et</strong></span> <span class='ocrx_word' id='word_1_60' title='bbox 2164 1267 2365 1330; x_wconf 90' lang='lat' dir='ltr'><strong>beato</strong></span> <span class='ocrx_word' id='word_1_61' title='bbox 2420 1263 2651 1327; x_wconf 90' lang='lat' dir='ltr'><strong>Wilfr.</strong></span> <span class='ocrx_word' id='word_1_62' title='bbox 2713 1277 2780 1328; x_wconf 91' lang='lat' dir='ltr'><strong>et</strong></span> 
     </span>
     <span class='ocr_line' id='line_1_9' title="bbox 572 1362 2773 1446; baseline -0.001 -18"><span class='ocrx_word' id='word_1_63' title='bbox 572 1364 742 1429; x_wconf 86' lang='lat' dir='ltr'><strong>Can.</strong></span> <span class='ocrx_word' id='word_1_64' title='bbox 841 1364 928 1427; x_wconf 90' lang='lat' dir='ltr'><strong>de</strong></span> <span class='ocrx_word' id='word_1_65' title='bbox 1024 1362 1282 1446; x_wconf 90' lang='lat' dir='ltr'><strong>Ripon&#39;</strong></span> <span class='ocrx_word' id='word_1_66' title='bbox 1379 1363 1632 1428; x_wconf 85' lang='lat' dir='ltr'><strong>ibidem</strong></span> <span class='ocrx_word' id='word_1_67' title='bbox 1734 1365 1887 1430; x_wconf 91' lang='lat' dir='ltr'><strong>Deo</strong></span> <span class='ocrx_word' id='word_1_68' title='bbox 1978 1364 2468 1441; x_wconf 86' lang='lat' dir='ltr'><strong>seruientibus,</strong></span> <span class='ocrx_word' id='word_1_69' title='bbox 2568 1384 2773 1426; x_wconf 88' lang='lat' dir='ltr'><strong>vnam</strong></span> 
     </span>
     <span class='ocr_line' id='line_1_10' title="bbox 571 1463 2775 1545; baseline -0.002 -16"><span class='ocrx_word' id='word_1_70' title='bbox 571 1466 896 1529; x_wconf 87' lang='lat' dir='ltr'><strong>bouatam</strong></span> <span class='ocrx_word' id='word_1_71' title='bbox 933 1477 1108 1527; x_wconf 90' lang='lat' dir='ltr'><strong>terre</strong></span> <span class='ocrx_word' id='word_1_72' title='bbox 1145 1483 1300 1526; x_wconf 91' lang='lat' dir='ltr'><strong>cum</strong></span> <span class='ocrx_word' id='word_1_73' title='bbox 1343 1463 1649 1545; x_wconf 89' lang='lat' dir='ltr'><strong>quodam</strong></span> <span class='ocrx_word' id='word_1_74' title='bbox 1693 1464 1863 1529; x_wconf 87' lang='lat' dir='ltr'><strong>tofto</strong></span> <span class='ocrx_word' id='word_1_75' title='bbox 1910 1480 1977 1529; x_wconf 90' lang='lat' dir='ltr'><strong>et</strong></span> <span class='ocrx_word' id='word_1_76' title='bbox 2022 1464 2262 1541; x_wconf 84' lang='lat' dir='ltr'><strong>croft0‚</strong></span> <span class='ocrx_word' id='word_1_77' title='bbox 2300 1484 2530 1528; x_wconf 89' lang='lat' dir='ltr'><strong>acram</strong></span> <span class='ocrx_word' id='word_1_78' title='bbox 2570 1483 2775 1525; x_wconf 89' lang='lat' dir='ltr'><strong>vnam</strong></span> 
     </span>
     <span class='ocr_line' id='line_1_11' title="bbox 569 1562 2781 1645; baseline -0.002 -17"><span class='ocrx_word' id='word_1_79' title='bbox 569 1562 1089 1628; x_wconf 85' lang='lat' dir='ltr'><strong>continentibus</strong></span> <span class='ocrx_word' id='word_1_80' title='bbox 1149 1562 1234 1626; x_wconf 92' lang='lat' dir='ltr'><strong>de</strong></span> <span class='ocrx_word' id='word_1_81' title='bbox 1292 1562 1508 1626; x_wconf 90' lang='lat' dir='ltr'><strong>libero</strong></span> <span class='ocrx_word' id='word_1_82' title='bbox 1563 1562 1771 1629; x_wconf 85' lang='lat' dir='ltr'><strong>feudo</strong></span> <span class='ocrx_word' id='word_1_83' title='bbox 1836 1585 2012 1639; x_wconf 79' lang='lat' dir='ltr'><strong>meo,</strong></span> <span class='ocrx_word' id='word_1_84' title='bbox 2076 1565 2263 1627; x_wconf 87' lang='lat' dir='ltr'><strong>illam</strong></span> <span class='ocrx_word' id='word_1_85' title='bbox 2330 1563 2591 1628; x_wconf 88' lang='lat' dir='ltr'><strong>scilicet</strong></span> <span class='ocrx_word' id='word_1_86' title='bbox 2644 1583 2781 1645; x_wconf 90' lang='lat' dir='ltr'><strong>que</strong></span> 
     </span>
     <span class='ocr_line' id='line_1_12' title="bbox 568 1661 2780 1745; baseline 0 -20"><span class='ocrx_word' id='word_1_87' title='bbox 568 1662 698 1727; x_wconf 84' lang='lat' dir='ltr'><strong>fuit</strong></span> <span class='ocrx_word' id='word_1_88' title='bbox 745 1684 881 1725; x_wconf 90' lang='lat' dir='ltr'><strong>vna</strong></span> <span class='ocrx_word' id='word_1_89' title='bbox 927 1662 1012 1725; x_wconf 91' lang='lat' dir='ltr'><strong>de</strong></span> <span class='ocrx_word' id='word_1_90' title='bbox 1060 1661 1333 1727; x_wconf 89' lang='lat' dir='ltr'><strong>duabus</strong></span> <span class='ocrx_word' id='word_1_91' title='bbox 1382 1663 1659 1726; x_wconf 91' lang='lat' dir='ltr'><strong>bouatis</strong></span> <span class='ocrx_word' id='word_1_92' title='bbox 1700 1684 1876 1745; x_wconf 90' lang='lat' dir='ltr'><strong>quas</strong></span> <span class='ocrx_word' id='word_1_93' title='bbox 1928 1662 2273 1727; x_wconf 88' lang='lat' dir='ltr'><strong>Ricardus</strong></span> <span class='ocrx_word' id='word_1_94' title='bbox 2322 1664 2535 1727; x_wconf 88' lang='lat' dir='ltr'><strong>homo</strong></span> <span class='ocrx_word' id='word_1_95' title='bbox 2586 1683 2780 1726; x_wconf 91' lang='lat' dir='ltr'><strong>meus</strong></span> 
     </span>
     <span class='ocr_line' id='line_1_13' title="bbox 569 1760 2774 1837; baseline -0.002 -10"><span class='ocrx_word' id='word_1_96' title='bbox 569 1763 788 1828; x_wconf 90' lang='lat' dir='ltr'><strong>tenuit</strong></span> <span class='ocrx_word' id='word_1_97' title='bbox 820 1763 906 1826; x_wconf 89' lang='lat' dir='ltr'><strong>de</strong></span> <span class='ocrx_word' id='word_1_98' title='bbox 941 1782 1071 1837; x_wconf 90' lang='lat' dir='ltr'><strong>me,</strong></span> <span class='ocrx_word' id='word_1_99' title='bbox 1110 1775 1178 1826; x_wconf 91' lang='lat' dir='ltr'><strong>et</strong></span> <span class='ocrx_word' id='word_1_100' title='bbox 1207 1761 1504 1826; x_wconf 89' lang='lat' dir='ltr'><strong>eundem</strong></span> <span class='ocrx_word' id='word_1_101' title='bbox 1548 1760 1927 1826; x_wconf 80' lang='lat' dir='ltr'><strong>Ricardum</strong></span> <span class='ocrx_word' id='word_1_102' title='bbox 1965 1784 2121 1827; x_wconf 91' lang='lat' dir='ltr'><strong>cum</strong></span> <span class='ocrx_word' id='word_1_103' title='bbox 2166 1762 2356 1827; x_wconf 91' lang='lat' dir='ltr'><strong>omni</strong></span> <span class='ocrx_word' id='word_1_104' title='bbox 2397 1774 2586 1826; x_wconf 88' lang='lat' dir='ltr'><strong>secta</strong></span> <span class='ocrx_word' id='word_1_105' title='bbox 2624 1781 2774 1837; x_wconf 83' lang='lat' dir='ltr'><strong>sua,</strong></span> 
     </span>
     <span class='ocr_line' id='line_1_14' title="bbox 568 1860 2773 1945; baseline -0.001 -17"><span class='ocrx_word' id='word_1_106' title='bbox 568 1884 724 1928; x_wconf 88' lang='lat' dir='ltr'><strong>cum</strong></span> <span class='ocrx_word' id='word_1_107' title='bbox 761 1883 950 1927; x_wconf 92' lang='lat' dir='ltr'><strong>omn.</strong></span> <span class='ocrx_word' id='word_1_108' title='bbox 985 1860 1418 1926; x_wconf 84' lang='lat' dir='ltr'><strong>libertatibus</strong></span> <span class='ocrx_word' id='word_1_109' title='bbox 1441 1860 1527 1925; x_wconf 91' lang='lat' dir='ltr'><strong>ad</strong></span> <span class='ocrx_word' id='word_1_110' title='bbox 1561 1862 1935 1944; x_wconf 83' lang='lat' dir='ltr'><strong>predictam</strong></span> <span class='ocrx_word' id='word_1_111' title='bbox 1966 1876 2213 1926; x_wconf 92' lang='lat' dir='ltr'><strong>terram</strong></span> <span class='ocrx_word' id='word_1_112' title='bbox 2246 1862 2773 1945; x_wconf 84' lang='lat' dir='ltr'><strong>pertinentibus,</strong></span> 
     </span>
     <span class='ocr_line' id='line_1_15' title="bbox 571 1960 2783 2046; baseline -0 -20"><span class='ocrx_word' id='word_1_113' title='bbox 571 1964 636 2026; x_wconf 92' lang='lat' dir='ltr'><strong>in</strong></span> <span class='ocrx_word' id='word_1_114' title='bbox 707 1983 948 2046; x_wconf 89' lang='lat' dir='ltr'><strong>puram</strong></span> <span class='ocrx_word' id='word_1_115' title='bbox 999 1976 1066 2027; x_wconf 91' lang='lat' dir='ltr'><strong>et</strong></span> <span class='ocrx_word' id='word_1_116' title='bbox 1115 1973 1519 2043; x_wconf 90' lang='lat' dir='ltr'><strong>perpetuam</strong></span> <span class='ocrx_word' id='word_1_117' title='bbox 1569 1962 2051 2035; x_wconf 88' lang='lat' dir='ltr'><strong>elemosinam,</strong></span> <span class='ocrx_word' id='word_1_118' title='bbox 2108 1982 2231 2044; x_wconf 92' lang='lat' dir='ltr'><strong>pro</strong></span> <span class='ocrx_word' id='word_1_119' title='bbox 2278 1962 2501 2026; x_wconf 87' lang='lat' dir='ltr'><strong>salute</strong></span> <span class='ocrx_word' id='word_1_120' title='bbox 2548 1960 2783 2025; x_wconf 89' lang='lat' dir='ltr'><strong>anime</strong></span> 
     </span>
     <span class='ocr_line' id='line_1_16' title="bbox 570 2060 2775 2133; baseline -0.002 -8"><span class='ocrx_word' id='word_1_121' title='bbox 570 2084 720 2127; x_wconf 91' lang='lat' dir='ltr'><strong>mee</strong></span> <span class='ocrx_word' id='word_1_122' title='bbox 753 2076 820 2127; x_wconf 90' lang='lat' dir='ltr'><strong>et</strong></span> <span class='ocrx_word' id='word_1_123' title='bbox 855 2061 1228 2125; x_wconf 85' lang='lat' dir='ltr'><strong>animabus</strong></span> <span class='ocrx_word' id='word_1_124' title='bbox 1273 2060 1507 2125; x_wconf 86' lang='lat' dir='ltr'><strong>vxoris</strong></span> <span class='ocrx_word' id='word_1_125' title='bbox 1557 2082 1708 2124; x_wconf 90' lang='lat' dir='ltr'><strong>mee</strong></span> <span class='ocrx_word' id='word_1_126' title='bbox 1754 2073 1821 2124; x_wconf 90' lang='lat' dir='ltr'><strong>et</strong></span> <span class='ocrx_word' id='word_1_127' title='bbox 1864 2075 2383 2125; x_wconf 88' lang='lat' dir='ltr'><strong>antecessorum</strong></span> <span class='ocrx_word' id='word_1_128' title='bbox 2438 2080 2775 2133; x_wconf 86' lang='lat' dir='ltr'><strong>meorum,</strong></span> 
     </span>
     <span class='ocr_line' id='line_1_17' title="bbox 568 2159 2775 2244; baseline -0.002 -18"><span class='ocrx_word' id='word_1_129' title='bbox 568 2175 636 2227; x_wconf 90' lang='lat' dir='ltr'><strong>et</strong></span> <span class='ocrx_word' id='word_1_130' title='bbox 669 2182 792 2244; x_wconf 91' lang='lat' dir='ltr'><strong>pro</strong></span> <span class='ocrx_word' id='word_1_131' title='bbox 827 2160 1247 2224; x_wconf 80' lang='lat' dir='ltr'><strong>fraternitate</strong></span> <span class='ocrx_word' id='word_1_132' title='bbox 1279 2160 1566 2224; x_wconf 89' lang='lat' dir='ltr'><strong>ecclesie</strong></span> <span class='ocrx_word' id='word_1_133' title='bbox 1616 2160 1793 2224; x_wconf 87' lang='lat' dir='ltr'><strong>beati</strong></span> <span class='ocrx_word' id='word_1_134' title='bbox 1842 2159 2151 2223; x_wconf 89' lang='lat' dir='ltr'><strong>Wilfridi</strong></span> <span class='ocrx_word' id='word_1_135' title='bbox 2193 2159 2279 2223; x_wconf 89' lang='lat' dir='ltr'><strong>ad</strong></span> <span class='ocrx_word' id='word_1_136' title='bbox 2325 2180 2505 2242; x_wconf 87' lang='lat' dir='ltr'><strong>opus</strong></span> <span class='ocrx_word' id='word_1_137' title='bbox 2548 2180 2775 2223; x_wconf 90' lang='lat' dir='ltr'><strong>meum</strong></span> 
     </span>
     <span class='ocr_line' id='line_1_18' title="bbox 569 2258 1887 2335; baseline -0.003 -10"><span class='ocrx_word' id='word_1_138' title='bbox 569 2273 634 2325; x_wconf 89' lang='lat' dir='ltr'><strong>et</strong></span> <span class='ocrx_word' id='word_1_139' title='bbox 667 2260 902 2324; x_wconf 86' lang='lat' dir='ltr'><strong>vxoris</strong></span> <span class='ocrx_word' id='word_1_140' title='bbox 939 2279 1108 2323; x_wconf 91' lang='lat' dir='ltr'><strong>mee.</strong></span> <span class='ocrx_word' id='word_1_141' title='bbox 1213 2258 1375 2323; x_wconf 87' lang='lat' dir='ltr'><strong>Hiis</strong></span> <span class='ocrx_word' id='word_1_142' title='bbox 1407 2258 1722 2335; x_wconf 80' lang='lat' dir='ltr'><strong>testibuS‚</strong></span> <span class='ocrx_word' id='word_1_143' title='bbox 1762 2273 1887 2323; x_wconf 90' lang='lat' dir='ltr'><strong>etc.</strong></span> 
     </span>
    </p>
   </div>
   <div class='ocr_carea' id='block_1_4' title="bbox 613 2441 2730 2529">
    <p class='ocr_par' dir='ltr' id='par_1_4' title="bbox 613 2441 2730 2529">
     <span class='ocr_line' id='line_1_19' title="bbox 613 2441 2730 2529; baseline -0.001 -21"><span class='ocrx_word' id='word_1_144' title='bbox 613 2448 754 2528; x_wconf 86' lang='lat'><strong>(24)</strong></span> <span class='ocrx_word' id='word_1_145' title='bbox 837 2443 1122 2507; x_wconf 74' lang='lat' dir='ltr'><strong>NEUBY.</strong></span> <span class='ocrx_word' id='word_1_146' title='bbox 1221 2443 1474 2523; x_wconf 84' lang='lat' dir='ltr'><strong>(Grant</strong></span> <span class='ocrx_word' id='word_1_147' title='bbox 1515 2443 1592 2507; x_wconf 89' lang='lat' dir='ltr'><strong>of</strong></span> <span class='ocrx_word' id='word_1_148' title='bbox 1630 2464 1672 2506; x_wconf 90' lang='lat' dir='ltr'><strong>a</strong></span> <span class='ocrx_word' id='word_1_149' title='bbox 1720 2442 1864 2507; x_wconf 89' lang='lat' dir='ltr'><strong>neif</strong></span> <span class='ocrx_word' id='word_1_150' title='bbox 1904 2445 1995 2529; x_wconf 93' lang='lat' dir='ltr'><strong>by</strong></span> <span class='ocrx_word' id='word_1_151' title='bbox 2043 2442 2361 2507; x_wconf 89' lang='lat' dir='ltr'><strong>William</strong></span> <span class='ocrx_word' id='word_1_152' title='bbox 2416 2441 2730 2522; x_wconf 89' lang='lat' dir='ltr'><strong>Warde).</strong></span> 
     </span>
    </p>
   </div>
   <div class='ocr_carea' id='block_1_5' title="bbox 569 2579 2786 3455">
    <p class='ocr_par' dir='ltr' id='par_1_5' title="bbox 569 2579 2786 3455">
     <span class='ocr_line' id='line_1_20' title="bbox 743 2579 2777 2664; baseline -0.002 -17"><span class='ocrx_word' id='word_1_153' title='bbox 743 2582 955 2647; x_wconf 90' lang='lat' dir='ltr'><strong>Omn.</strong></span> <span class='ocrx_word' id='word_1_154' title='bbox 1040 2604 1094 2647; x_wconf 91' lang='lat' dir='ltr'><strong>s.</strong></span> <span class='ocrx_word' id='word_1_155' title='bbox 1182 2602 1270 2645; x_wconf 90' lang='lat' dir='ltr'><strong>m.</strong></span> <span class='ocrx_word' id='word_1_156' title='bbox 1347 2582 1512 2646; x_wconf 90' lang='lat' dir='ltr'><strong>eccl.</strong></span> <span class='ocrx_word' id='word_1_157' title='bbox 1597 2580 1783 2659; x_wconf 87' lang='lat' dir='ltr'><strong>filiis,</strong></span> <span class='ocrx_word' id='word_1_158' title='bbox 1854 2594 1990 2645; x_wconf 88' lang='lat' dir='ltr'><strong>tam</strong></span> <span class='ocrx_word' id='word_1_159' title='bbox 2074 2602 2251 2664; x_wconf 88' lang='lat' dir='ltr'><strong>pres.</strong></span> <span class='ocrx_word' id='word_1_160' title='bbox 2334 2602 2545 2663; x_wconf 89' lang='lat' dir='ltr'><strong>quam</strong></span> <span class='ocrx_word' id='word_1_161' title='bbox 2626 2579 2777 2657; x_wconf 87' lang='lat' dir='ltr'><strong>fut.‚</strong></span> 
     </span>
     <span class='ocr_line' id='line_1_21' title="bbox 573 2680 2784 2758; baseline -0.002 -14"><span class='ocrx_word' id='word_1_162' title='bbox 573 2682 980 2747; x_wconf 89' lang='lat' dir='ltr'><strong>Willelmus</strong></span> <span class='ocrx_word' id='word_1_163' title='bbox 1017 2680 1304 2758; x_wconf 76' lang='lat' dir='ltr'><strong>warde,</strong></span> <span class='ocrx_word' id='word_1_164' title='bbox 1345 2682 1663 2745; x_wconf 89' lang='lat' dir='ltr'><strong>salutem.</strong></span> <span class='ocrx_word' id='word_1_165' title='bbox 1782 2680 2073 2746; x_wconf 84' lang='lat' dir='ltr'><strong>Nouerit</strong></span> <span class='ocrx_word' id='word_1_166' title='bbox 2106 2680 2523 2745; x_wconf 88' lang='lat' dir='ltr'><strong>vniuersitas</strong></span> <span class='ocrx_word' id='word_1_167' title='bbox 2556 2692 2784 2744; x_wconf 89' lang='lat' dir='ltr'><strong>vestra</strong></span> 
     </span>
     <span class='ocr_line' id='line_1_22' title="bbox 573 2778 2784 2866; baseline -0.003 -19"><span class='ocrx_word' id='word_1_168' title='bbox 573 2806 682 2848; x_wconf 88' lang='lat' dir='ltr'><strong>me</strong></span> <span class='ocrx_word' id='word_1_169' title='bbox 730 2804 856 2866; x_wconf 89' lang='lat' dir='ltr'><strong>pro</strong></span> <span class='ocrx_word' id='word_1_170' title='bbox 901 2804 1000 2847; x_wconf 94' lang='grc' dir='ltr'><strong>εει.</strong></span> <span class='ocrx_word' id='word_1_171' title='bbox 1049 2780 1284 2845; x_wconf 87' lang='lat' dir='ltr'><strong>anime</strong></span> <span class='ocrx_word' id='word_1_172' title='bbox 1333 2800 1423 2842; x_wconf 91' lang='lat' dir='ltr'><strong>m.</strong></span> <span class='ocrx_word' id='word_1_173' title='bbox 1473 2792 1540 2843; x_wconf 92' lang='lat' dir='ltr'><strong>et</strong></span> <span class='ocrx_word' id='word_1_174' title='bbox 1584 2780 1977 2843; x_wconf 88' lang='lat' dir='ltr'><strong>animarum</strong></span> <span class='ocrx_word' id='word_1_175' title='bbox 2027 2793 2443 2844; x_wconf 89' lang='lat' dir='ltr'><strong>antecessor.</strong></span> <span class='ocrx_word' id='word_1_176' title='bbox 2495 2800 2613 2855; x_wconf 91' lang='lat' dir='ltr'><strong>m.‚</strong></span> <span class='ocrx_word' id='word_1_177' title='bbox 2656 2778 2784 2841; x_wconf 89' lang='lat' dir='ltr'><strong>hac</strong></span> 
     </span>
     <span class='ocr_line' id='line_1_23' title="bbox 569 2877 2785 2965; baseline -0.004 -16"><span class='ocrx_word' id='word_1_178' title='bbox 569 2898 758 2949; x_wconf 86' lang='lat' dir='ltr'><strong>carta</strong></span> <span class='ocrx_word' id='word_1_179' title='bbox 793 2904 946 2947; x_wconf 88' lang='lat' dir='ltr'><strong>mea</strong></span> <span class='ocrx_word' id='word_1_180' title='bbox 975 2880 1288 2965; x_wconf 91' lang='lat' dir='ltr'><strong>quietum</strong></span> <span class='ocrx_word' id='word_1_181' title='bbox 1336 2880 1677 2944; x_wconf 88' lang='lat' dir='ltr'><strong>clamasse</strong></span> <span class='ocrx_word' id='word_1_182' title='bbox 1721 2880 1874 2944; x_wconf 93' lang='lat' dir='ltr'><strong>Deo</strong></span> <span class='ocrx_word' id='word_1_183' title='bbox 1912 2893 1979 2944; x_wconf 91' lang='lat' dir='ltr'><strong>et</strong></span> <span class='ocrx_word' id='word_1_184' title='bbox 2026 2886 2090 2944; x_wconf 91' lang='lat' dir='ltr'><strong>b.</strong></span> <span class='ocrx_word' id='word_1_185' title='bbox 2134 2878 2369 2943; x_wconf 89' lang='lat' dir='ltr'><strong>Wilfr.</strong></span> <span class='ocrx_word' id='word_1_186' title='bbox 2409 2892 2477 2943; x_wconf 92' lang='lat' dir='ltr'><strong>et</strong></span> <span class='ocrx_word' id='word_1_187' title='bbox 2506 2899 2658 2942; x_wconf 91' lang='lat' dir='ltr'><strong>can.</strong></span> <span class='ocrx_word' id='word_1_188' title='bbox 2698 2877 2785 2941; x_wconf 89' lang='lat' dir='ltr'><strong>de</strong></span> 
     </span>
     <span class='ocr_line' id='line_1_24' title="bbox 577 2978 2779 3066; baseline -0.003 -19"><span class='ocrx_word' id='word_1_189' title='bbox 577 2983 771 3066; x_wconf 80' lang='lat' dir='ltr'><strong>Rip..</strong></span> <span class='ocrx_word' id='word_1_190' title='bbox 831 2980 1208 3047; x_wconf 87' lang='lat' dir='ltr'><strong>Ricardum</strong></span> <span class='ocrx_word' id='word_1_191' title='bbox 1270 2978 1490 3041; x_wconf 87' lang='lat' dir='ltr'><strong>filium</strong></span> <span class='ocrx_word' id='word_1_192' title='bbox 1545 2978 1849 3056; x_wconf 87' lang='lat' dir='ltr'><strong>Osberti‚</strong></span> <span class='ocrx_word' id='word_1_193' title='bbox 1906 2979 2259 3044; x_wconf 89' lang='lat' dir='ltr'><strong>hominem</strong></span> <span class='ocrx_word' id='word_1_194' title='bbox 2313 3000 2570 3055; x_wconf 82' lang='lat' dir='ltr'><strong>meum,</strong></span> <span class='ocrx_word' id='word_1_195' title='bbox 2622 2998 2779 3043; x_wconf 87' lang='lat' dir='ltr'><strong>cum</strong></span> 
     </span>
     <span class='ocr_line' id='line_1_25' title="bbox 569 3078 2786 3161; baseline -0.005 -12"><span class='ocrx_word' id='word_1_196' title='bbox 569 3082 760 3149; x_wconf 90' lang='lat' dir='ltr'><strong>omni</strong></span> <span class='ocrx_word' id='word_1_197' title='bbox 809 3094 996 3147; x_wconf 90' lang='lat' dir='ltr'><strong>secta</strong></span> <span class='ocrx_word' id='word_1_198' title='bbox 1043 3102 1172 3145; x_wconf 90' lang='lat' dir='ltr'><strong>sua</strong></span> <span class='ocrx_word' id='word_1_199' title='bbox 1218 3092 1285 3143; x_wconf 91' lang='lat' dir='ltr'><strong>et</strong></span> <span class='ocrx_word' id='word_1_200' title='bbox 1334 3079 1608 3143; x_wconf 88' lang='lat' dir='ltr'><strong>katallis</strong></span> <span class='ocrx_word' id='word_1_201' title='bbox 1652 3079 1820 3155; x_wconf 90' lang='lat' dir='ltr'><strong>suis,</strong></span> <span class='ocrx_word' id='word_1_202' title='bbox 1864 3078 2399 3161; x_wconf 83' lang='lat' dir='ltr'><strong>imperpetuum,</strong></span> <span class='ocrx_word' id='word_1_203' title='bbox 2436 3078 2523 3142; x_wconf 89' lang='lat' dir='ltr'><strong>de</strong></span> <span class='ocrx_word' id='word_1_204' title='bbox 2564 3098 2673 3142; x_wconf 91' lang='lat' dir='ltr'><strong>me</strong></span> <span class='ocrx_word' id='word_1_205' title='bbox 2718 3090 2786 3141; x_wconf 93' lang='lat' dir='ltr'><strong>et</strong></span> 
     </span>
     <span class='ocr_line' id='line_1_26' title="bbox 572 3177 2785 3261; baseline -0.003 -14"><span class='ocrx_word' id='word_1_206' title='bbox 572 3183 801 3249; x_wconf 85' lang='lat' dir='ltr'><strong>hered.</strong></span> <span class='ocrx_word' id='word_1_207' title='bbox 845 3180 1039 3245; x_wconf 91' lang='lat' dir='ltr'><strong>meis.</strong></span> <span class='ocrx_word' id='word_1_208' title='bbox 1140 3177 1395 3243; x_wconf 82' lang='lat' dir='ltr'><strong>Sciatis</strong></span> <span class='ocrx_word' id='word_1_209' title='bbox 1438 3178 1655 3243; x_wconf 88' lang='lat' dir='ltr'><strong>eciam</strong></span> <span class='ocrx_word' id='word_1_210' title='bbox 1705 3199 1814 3243; x_wconf 91' lang='lat' dir='ltr'><strong>me</strong></span> <span class='ocrx_word' id='word_1_211' title='bbox 1862 3178 2127 3243; x_wconf 90' lang='lat' dir='ltr'><strong>iurasse</strong></span> <span class='ocrx_word' id='word_1_212' title='bbox 2174 3198 2404 3243; x_wconf 86' lang='lat' dir='ltr'><strong>coram</strong></span> <span class='ocrx_word' id='word_1_213' title='bbox 2459 3177 2785 3261; x_wconf 88' lang='lat' dir='ltr'><strong>Capitulo</strong></span> 
     </span>
     <span class='ocr_line' id='line_1_27' title="bbox 569 3276 2780 3366; baseline -0.003 -19"><span class='ocrx_word' id='word_1_214' title='bbox 569 3304 781 3366; x_wconf 88' lang='lat' dir='ltr'><strong>super</strong></span> <span class='ocrx_word' id='word_1_215' title='bbox 823 3292 1265 3347; x_wconf 88' lang='lat' dir='ltr'><strong>sacrosancta</strong></span> <span class='ocrx_word' id='word_1_216' title='bbox 1317 3278 1710 3362; x_wconf 86' lang='lat' dir='ltr'><strong>Euangelia</strong></span> <span class='ocrx_word' id='word_1_217' title='bbox 1752 3300 1861 3342; x_wconf 90' lang='lat' dir='ltr'><strong>me</strong></span> <span class='ocrx_word' id='word_1_218' title='bbox 1908 3276 2201 3343; x_wconf 88' lang='lat' dir='ltr'><strong>fideliter</strong></span> <span class='ocrx_word' id='word_1_219' title='bbox 2248 3278 2431 3343; x_wconf 89' lang='lat' dir='ltr'><strong>hanc</strong></span> <span class='ocrx_word' id='word_1_220' title='bbox 2474 3278 2780 3361; x_wconf 87' lang='lat' dir='ltr'><strong>quietam</strong></span> 
     </span>
     <span class='ocr_line' id='line_1_28' title="bbox 570 3376 2261 3455; baseline -0.005 -7"><span class='ocrx_word' id='word_1_221' title='bbox 570 3380 1070 3448; x_wconf 88' lang='lat' dir='ltr'><strong>clamacionem</strong></span> <span class='ocrx_word' id='word_1_222' title='bbox 1107 3390 1482 3443; x_wconf 89' lang='lat' dir='ltr'><strong>tenturum.</strong></span> <span class='ocrx_word' id='word_1_223' title='bbox 1587 3376 1751 3441; x_wconf 88' lang='lat' dir='ltr'><strong>Hiis</strong></span> <span class='ocrx_word' id='word_1_224' title='bbox 1783 3378 2096 3455; x_wconf 84' lang='lat' dir='ltr'><strong>testibus,</strong></span> <span class='ocrx_word' id='word_1_225' title='bbox 2137 3390 2261 3442; x_wconf 90' lang='lat' dir='ltr'><strong>etc.</strong></span> 
     </span>
    </p>
   </div>
   <div class='ocr_carea' id='block_1_6' title="bbox 572 3560 2784 3751">
    <p class='ocr_par' dir='ltr' id='par_1_6' title="bbox 572 3560 2784 3751">
     <span class='ocr_line' id='line_1_29' title="bbox 572 3560 2784 3649; baseline -0.003 -18"><span class='ocrx_word' id='word_1_226' title='bbox 572 3572 712 3649; x_wconf 82' lang='lat'><strong>(²5)</strong></span> <span class='ocrx_word' id='word_1_227' title='bbox 809 3566 1096 3629; x_wconf 71' lang='lat' dir='ltr'><strong>NEUBY.</strong></span> <span class='ocrx_word' id='word_1_228' title='bbox 1195 3562 1514 3645; x_wconf 78' lang='lat' dir='ltr'><strong>(Similar</strong></span> <span class='ocrx_word' id='word_1_229' title='bbox 1559 3575 1770 3645; x_wconf 85' lang='lat' dir='ltr'><strong>grant</strong></span> <span class='ocrx_word' id='word_1_230' title='bbox 1817 3564 1906 3647; x_wconf 89' lang='lat' dir='ltr'><strong>by</strong></span> <span class='ocrx_word' id='word_1_231' title='bbox 1947 3562 2333 3627; x_wconf 85' lang='lat' dir='ltr'><strong>Herbertus</strong></span> <span class='ocrx_word' id='word_1_232' title='bbox 2365 3560 2459 3626; x_wconf 90' lang='lat' dir='ltr'><strong>fil.</strong></span> <span class='ocrx_word' id='word_1_233' title='bbox 2505 3561 2660 3627; x_wconf 91' lang='lat' dir='ltr'><strong>Ric.</strong></span> <span class='ocrx_word' id='word_1_234' title='bbox 2701 3561 2784 3625; x_wconf 92' lang='lat' dir='ltr'><strong>de</strong></span> 
     </span>
     <span class='ocr_line' id='line_1_30' title="bbox 663 3666 967 3751; baseline -0.007 -20"><span class='ocrx_word' id='word_1_235' title='bbox 663 3666 967 3751; x_wconf 90' lang='lat' dir='ltr'><strong>Neuby).</strong></span> 
     </span>
    </p>
   </div>
   <div class='ocr_carea' id='block_1_7' title="bbox 573 3798 2787 4587">
    <p class='ocr_par' dir='ltr' id='par_1_7' title="bbox 573 3798 2787 4587">
     <span class='ocr_line' id='line_1_31' title="bbox 752 3798 2781 3883; baseline -0.002 -17"><span class='ocrx_word' id='word_1_236' title='bbox 752 3802 1122 3867; x_wconf 85' lang='lat' dir='ltr'><strong>Vniuersis</strong></span> <span class='ocrx_word' id='word_1_237' title='bbox 1179 3800 1292 3883; x_wconf 81' lang='lat' dir='ltr'><strong>xpi</strong></span> <span class='ocrx_word' id='word_1_238' title='bbox 1353 3798 1677 3863; x_wconf 83' lang='lat' dir='ltr'><strong>fidelibus</strong></span> <span class='ocrx_word' id='word_1_239' title='bbox 1731 3798 1817 3863; x_wconf 90' lang='lat' dir='ltr'><strong>ad</strong></span> <span class='ocrx_word' id='word_1_240' title='bbox 1874 3820 2053 3882; x_wconf 91' lang='lat' dir='ltr'><strong>quos</strong></span> <span class='ocrx_word' id='word_1_241' title='bbox 2110 3820 2395 3883; x_wconf 89' lang='lat' dir='ltr'><strong>presens</strong></span> <span class='ocrx_word' id='word_1_242' title='bbox 2448 3798 2781 3881; x_wconf 90' lang='lat' dir='ltr'><strong>scriptum</strong></span> 
     </span>
     <span class='ocr_line' id='line_1_32' title="bbox 578 3896 2777 3991; baseline -0.005 -21"><span class='ocrx_word' id='word_1_243' title='bbox 578 3903 989 3991; x_wconf 90' lang='lat' dir='ltr'><strong>peruenerit,</strong></span> <span class='ocrx_word' id='word_1_244' title='bbox 1077 3900 1463 3965; x_wconf 86' lang='lat' dir='ltr'><strong>Herbertus</strong></span> <span class='ocrx_word' id='word_1_245' title='bbox 1533 3896 1627 3961; x_wconf 88' lang='lat' dir='ltr'><strong>fil.</strong></span> <span class='ocrx_word' id='word_1_246' title='bbox 1710 3898 1863 3963; x_wconf 90' lang='lat' dir='ltr'><strong>Ric.</strong></span> <span class='ocrx_word' id='word_1_247' title='bbox 1940 3898 2025 3963; x_wconf 92' lang='lat' dir='ltr'><strong>de</strong></span> <span class='ocrx_word' id='word_1_248' title='bbox 2102 3899 2376 3983; x_wconf 84' lang='lat' dir='ltr'><strong>Neuby,</strong></span> <span class='ocrx_word' id='word_1_249' title='bbox 2457 3899 2777 3963; x_wconf 90' lang='lat' dir='ltr'><strong>salutem.</strong></span> 
     </span>
     <span class='ocr_line' id='line_1_33' title="bbox 579 3997 2780 4080; baseline -0.004 -11"><span class='ocrx_word' id='word_1_250' title='bbox 579 4002 870 4069; x_wconf 90' lang='lat' dir='ltr'><strong>Nouerit</strong></span> <span class='ocrx_word' id='word_1_251' title='bbox 921 4000 1335 4065; x_wconf 89' lang='lat' dir='ltr'><strong>vniversitas</strong></span> <span class='ocrx_word' id='word_1_252' title='bbox 1391 4011 1618 4061; x_wconf 86' lang='lat' dir='ltr'><strong>vestra</strong></span> <span class='ocrx_word' id='word_1_253' title='bbox 1682 4019 1791 4062; x_wconf 89' lang='lat' dir='ltr'><strong>me</strong></span> <span class='ocrx_word' id='word_1_254' title='bbox 1852 3998 2281 4063; x_wconf 85' lang='lat' dir='ltr'><strong>concessisse</strong></span> <span class='ocrx_word' id='word_1_255' title='bbox 2341 4013 2409 4063; x_wconf 90' lang='lat' dir='ltr'><strong>et</strong></span> <span class='ocrx_word' id='word_1_256' title='bbox 2469 3997 2780 4080; x_wconf 88' lang='lat' dir='ltr'><strong>quietum</strong></span> 
     </span>
     <span class='ocr_line' id='line_1_34' title="bbox 574 4096 2777 4171; baseline -0.003 -3"><span class='ocrx_word' id='word_1_257' title='bbox 574 4106 914 4171; x_wconf 89' lang='lat' dir='ltr'><strong>clamasse</strong></span> <span class='ocrx_word' id='word_1_258' title='bbox 990 4114 1056 4165; x_wconf 92' lang='lat' dir='ltr'><strong>et</strong></span> <span class='ocrx_word' id='word_1_259' title='bbox 1135 4096 1627 4162; x_wconf 86' lang='lat' dir='ltr'><strong>manumisisse</strong></span> <span class='ocrx_word' id='word_1_260' title='bbox 1708 4097 1861 4161; x_wconf 90' lang='lat' dir='ltr'><strong>Deo</strong></span> <span class='ocrx_word' id='word_1_261' title='bbox 1928 4110 1996 4161; x_wconf 91' lang='lat' dir='ltr'><strong>et</strong></span> <span class='ocrx_word' id='word_1_262' title='bbox 2057 4100 2121 4161; x_wconf 91' lang='lat' dir='ltr'><strong>b.</strong></span> <span class='ocrx_word' id='word_1_263' title='bbox 2198 4097 2428 4161; x_wconf 79' lang='lat' dir='ltr'><strong>Wilfr.</strong></span> <span class='ocrx_word' id='word_1_264' title='bbox 2498 4111 2565 4161; x_wconf 90' lang='lat' dir='ltr'><strong>et</strong></span> <span class='ocrx_word' id='word_1_265' title='bbox 2625 4120 2777 4162; x_wconf 90' lang='lat' dir='ltr'><strong>can.</strong></span> 
     </span>
     <span class='ocr_line' id='line_1_35' title="bbox 573 4194 2779 4282; baseline -0.004 -14"><span class='ocrx_word' id='word_1_266' title='bbox 573 4203 884 4269; x_wconf 90' lang='lat' dir='ltr'><strong>eiusdem</strong></span> <span class='ocrx_word' id='word_1_267' title='bbox 921 4201 1004 4265; x_wconf 93' lang='lat' dir='ltr'><strong>de</strong></span> <span class='ocrx_word' id='word_1_268' title='bbox 1055 4198 1247 4282; x_wconf 65' lang='lat' dir='ltr'><strong>Rip„</strong></span> <span class='ocrx_word' id='word_1_269' title='bbox 1294 4196 1670 4260; x_wconf 85' lang='lat' dir='ltr'><strong>Ricardum</strong></span> <span class='ocrx_word' id='word_1_270' title='bbox 1716 4194 1809 4259; x_wconf 89' lang='lat' dir='ltr'><strong>fil.</strong></span> <span class='ocrx_word' id='word_1_271' title='bbox 1852 4196 2143 4261; x_wconf 85' lang='lat' dir='ltr'><strong>Galfridi</strong></span> <span class='ocrx_word' id='word_1_272' title='bbox 2189 4197 2274 4261; x_wconf 92' lang='lat' dir='ltr'><strong>de</strong></span> <span class='ocrx_word' id='word_1_273' title='bbox 2326 4197 2575 4280; x_wconf 89' lang='lat' dir='ltr'><strong>Neuby</strong></span> <span class='ocrx_word' id='word_1_274' title='bbox 2625 4218 2779 4261; x_wconf 89' lang='lat' dir='ltr'><strong>cum</strong></span> 
     </span>
     <span class='ocr_line' id='line_1_36' title="bbox 574 4296 2776 4383; baseline -0.005 -15"><span class='ocrx_word' id='word_1_275' title='bbox 574 4318 715 4368; x_wconf 90' lang='lat' dir='ltr'><strong>tota</strong></span> <span class='ocrx_word' id='word_1_276' title='bbox 761 4300 1046 4383; x_wconf 88' lang='lat' dir='ltr'><strong>sequela</strong></span> <span class='ocrx_word' id='word_1_277' title='bbox 1093 4320 1243 4375; x_wconf 85' lang='lat' dir='ltr'><strong>sua,</strong></span> <span class='ocrx_word' id='word_1_278' title='bbox 1287 4297 1496 4360; x_wconf 89' lang='lat' dir='ltr'><strong>libere</strong></span> <span class='ocrx_word' id='word_1_279' title='bbox 1539 4309 1605 4359; x_wconf 92' lang='lat' dir='ltr'><strong>et</strong></span> <span class='ocrx_word' id='word_1_280' title='bbox 1651 4296 1881 4377; x_wconf 89' lang='lat' dir='ltr'><strong>quiete</strong></span> <span class='ocrx_word' id='word_1_281' title='bbox 1926 4296 2011 4359; x_wconf 91' lang='lat' dir='ltr'><strong>de</strong></span> <span class='ocrx_word' id='word_1_282' title='bbox 2063 4317 2169 4359; x_wconf 90' lang='lat' dir='ltr'><strong>me</strong></span> <span class='ocrx_word' id='word_1_283' title='bbox 2216 4308 2283 4360; x_wconf 88' lang='lat' dir='ltr'><strong>et</strong></span> <span class='ocrx_word' id='word_1_284' title='bbox 2332 4296 2638 4361; x_wconf 85' lang='lat' dir='ltr'><strong>heredib.</strong></span> <span class='ocrx_word' id='word_1_285' title='bbox 2688 4318 2776 4359; x_wconf 90' lang='lat' dir='ltr'><strong>m.</strong></span> 
     </span>
     <span class='ocr_line' id='line_1_37' title="bbox 575 4395 2787 4488; baseline -0.005 -19"><span class='ocrx_word' id='word_1_286' title='bbox 575 4404 1109 4488; x_wconf 89' lang='lat' dir='ltr'><strong>imperpetuum.</strong></span> <span class='ocrx_word' id='word_1_287' title='bbox 1197 4398 1292 4460; x_wconf 90' lang='lat' dir='ltr'><strong>Vt</strong></span> <span class='ocrx_word' id='word_1_288' title='bbox 1321 4411 1552 4459; x_wconf 92' lang='lat' dir='ltr'><strong>autem</strong></span> <span class='ocrx_word' id='word_1_289' title='bbox 1592 4396 1717 4459; x_wconf 89' lang='lat' dir='ltr'><strong>hec</strong></span> <span class='ocrx_word' id='word_1_290' title='bbox 1748 4396 1983 4477; x_wconf 90' lang='lat' dir='ltr'><strong>quieta</strong></span> <span class='ocrx_word' id='word_1_291' title='bbox 2014 4395 2398 4460; x_wconf 86' lang='lat' dir='ltr'><strong>clamancia</strong></span> <span class='ocrx_word' id='word_1_292' title='bbox 2428 4418 2471 4458; x_wconf 97' lang='lat' dir='ltr'><strong>a</strong></span> <span class='ocrx_word' id='word_1_293' title='bbox 2506 4396 2787 4460; x_wconf 90' lang='lat' dir='ltr'><strong>nemine</strong></span> 
     </span>
     <span class='ocr_line' id='line_1_38' title="bbox 576 4494 2783 4587; baseline -0.005 -18"><span class='ocrx_word' id='word_1_294' title='bbox 576 4506 642 4569; x_wconf 90' lang='lat' dir='ltr'><strong>in</strong></span> <span class='ocrx_word' id='word_1_295' title='bbox 700 4502 994 4587; x_wconf 87' lang='lat' dir='ltr'><strong>posteris</strong></span> <span class='ocrx_word' id='word_1_296' title='bbox 1049 4497 1481 4583; x_wconf 89' lang='lat' dir='ltr'><strong>temporibus</strong></span> <span class='ocrx_word' id='word_1_297' title='bbox 1539 4494 1759 4579; x_wconf 89' lang='lat' dir='ltr'><strong>possit</strong></span> <span class='ocrx_word' id='word_1_298' title='bbox 1808 4494 2117 4580; x_wconf 85' lang='lat' dir='ltr'><strong>infringi,</strong></span> <span class='ocrx_word' id='word_1_299' title='bbox 2172 4516 2323 4559; x_wconf 87' lang='lat' dir='ltr'><strong>earn</strong></span> <span class='ocrx_word' id='word_1_300' title='bbox 2374 4494 2595 4581; x_wconf 87' lang='lat' dir='ltr'><strong>sigilli</strong></span> <span class='ocrx_word' id='word_1_301' title='bbox 2650 4496 2783 4561; x_wconf 91' lang='lat' dir='ltr'><strong>mei</strong></span> 
     </span>
    </p>
   </div>
  </div>
 </body>
</html>
