3217 5117
1152 435 1339 501 Acrs
1387 450 1479 499 oF
1524 435 1884 501 CHAPTER.
2501 450 2628 516 225

346 686 356 695 ,
415 612 591 694 (318)
639 613 1001 678 Anmsslo
1043 614 1131 679 M.
1178 615 1551 697 JoHANms
1594 610 1996 681 Surnwssu„
2037 632 2136 679 An
2181 631 2628 680 PREBENDAM

502 733 597 780 DE
648 717 1095 785 MUNKETON.

582 882 980 969 Capitulum
1046 938 1058 949 .
1118 938 1131 950 .
1190 937 1203 951 .
1275 886 1399 972 (78)
1469 886 1730 972 Mag'ro
1791 887 2095 971 Johanni
2158 886 2486 952 Suthwell
2540 938 2553 951 .
2610 937 2625 951 .

408 989 517 1053 Ad
562 1009 712 1054 can.
763 996 833 1053 et
878 1010 977 1074 pr.
1029 990 1113 1055 de
1162 991 1547 1056 Mounkton
1597 1044 1609 1057 .
1664 1044 1677 1057 .
1727 1012 1849 1076 per
1891 992 1956 1056 li.
2007 1011 2130 1057 res,
2179 992 2324 1056 d'ni
2368 992 2630 1055 Thome

412 1094 671 1176 Byrom
731 1145 744 1158 .
807 1146 819 1159 .
882 1101 1213 1159 vacantes
1275 1147 1288 1160 .
1355 1148 1367 1160 .
1434 1147 1447 1160 .
1511 1103 1578 1160 te
1640 1097 1706 1161 in
1767 1116 2130 1180 personam
2189 1095 2331 1161 d'ni
2393 1094 2630 1159 Rob'ti

412 1198 795 1283 Brompton
854 1199 1211 1284 presbiteri
1271 1202 1734 1284 procuratoris
1793 1201 1894 1266 tui
1955 1253 1967 1265 .
2033 1253 2046 1266 .
2111 1253 2124 1265 .
2186 1200 2631 1284 apposuimus

414 1303 665 1386 (nearly
695 1323 772 1367 as
798 1303 875 1367 in
906 1302 975 1367 N
979 1325 1034 1368 ο.
1070 1302 1248 1387 316).
1345 1304 1505 1369 Dat.
1541 1305 1609 1369 in
1643 1305 1752 1370 do,
1786 1306 1935 1369 n'ra
1964 1304 2078 1370 Ca.
2111 1304 2631 1390 quartodecimo
2679 1292 2684 1297 ⁸

408 1409 517 1473 die
550 1408 801 1473 mensis
838 1408 1002 1492 Julij
1042 1408 1245 1473 Anno
1279 1409 1441 1473 D'ni
1480 1409 1763 1474 Mill'mo
1798 1420 2028 1474 ccccm
2062 1410 2630 1498 quinquagesimo

410 1534 614 1578 nono,

414 1679 591 1763 (319)
689 1677 1091 1743 COMMISSIO
1184 1695 1411 1744 FACTA
1500 1678 1865 1743 CAPITULO
1958 1696 2096 1743 PRo
2185 1695 2630 1744 ADMISSIONE

500 1800 765 1848 nomm
865 1783 1253 1848 RADULPm
1350 1783 1704 1848 LONGLEY
1797 1801 1897 1848 AD
1991 1800 2437 1849 PREBENDAM
2533 1800 2630 1848 DE

498 1888 981 1953 GEUENDALE.

582 2055 920 2120 Will’mus
962 2107 975 2120 .
1022 2107 1035 2120 .
1082 2107 1095 2121 .
1138 2053 1456 2139 Capitulo
1498 2108 1511 2121 .
1558 2107 1571 2121 .
1617 2055 1794 2140 Quia
1830 2055 1944 2121 dil.
1981 2056 2050 2120 in
2091 2054 2252 2141 Xpo
2290 2055 2428 2120 filio
2466 2054 2629 2121 d’no

410 2159 784 2245 Radulpho
826 2159 1129 2245 Longley
1170 2158 1538 2243 Capellano
1578 2160 1728 2225 n'ro
1769 2159 2086 2225 familiari
2128 2160 2627 2226 canonicatum

406 2266 477 2329 in
523 2265 683 2329 eccl.
734 2264 882 2329 n'ra
929 2264 1247 2349 Ryponie
1292 2264 1597 2349 predicte
1641 2270 1711 2328 et
1757 2266 1944 2348 preb.
1994 2265 2078 2330 de
2123 2264 2514 2330 Geuendale
2558 2264 2628 2330 in

406 2370 651 2434 eadem
705 2389 827 2454 per
876 2369 991 2434 lib.
1050 2389 1173 2433 res,
1231 2369 1374 2434 d'ni
1426 2369 1688 2434 Thome
1745 2367 2001 2453 Byrom
2058 2421 2071 2434 .
2133 2422 2144 2435 .
2202 2370 2628 2455 assignantes

413 2476 515 2557 (as
542 2473 619 2539 in
648 2473 719 2537 N
723 2494 779 2539 ο.
812 2491 962 2557 314,
994 2472 1149 2538 with
1177 2472 1370 2557 slight
1398 2473 1764 2539 variations
1790 2473 1868 2538 in
1897 2472 2080 2539 order
2108 2475 2175 2556 os
2201 2474 2428 2550 worck,
2461 2476 2623 2557 etc).

408 2580 572 2644 Dat.
609 2579 740 2643 sub
772 2578 990 2663 sigillo
1022 2578 1171 2643 n'ro
1204 2578 1273 2642 in
1308 2578 1614 2643 manerio
1645 2578 1794 2642 n'ro
1826 2578 1910 2642 de
1945 2578 2272 2643 Suthwell
2303 2577 2628 2643 vicesimo

406 2684 709 2768 septimo
732 2682 841 2747 die
866 2682 1117 2747 mensis
1142 2682 1302 2766 Maij
1334 2682 1536 2747 Anno
1562 2682 1686 2745 Doi
1722 2681 2005 2746 Mill’mo
2029 2702 2182 2747 cccc
2204 2682 2628 2767 sexagesimo

412 2788 653 2873 prim0,
698 2793 1227 2872 nostrarumque
1268 2786 1817 2851 Consecracionis
1859 2807 2042 2850 anno
2080 2787 2621 2871 quartodecim0‚

414 2892 501 2957 Et
539 2892 1041 2957 Translacionis
1076 2911 1280 2956 nono,

586 3059 785 3125 Istud
854 3058 1265 3123 mandatum
1334 3056 1469 3123 fuit
1537 3056 1802 3123 editum
1871 3056 2195 3121 vicesimo
2263 3077 2446 3121 nono
2515 3056 2624 3121 die

405 3164 659 3229 mensis
722 3162 908 3247 Maij,
968 3162 1059 3227 Αο
1115 3158 1237 3227 Doi
1295 3159 1455 3225 M¹mo
1509 3182 1664 3226 cecc
1717 3160 2139 3246 sexagesimo
2200 3160 2442 3244 prim0,
2501 3179 2624 3245 per

404 3269 597 3333 d'nm
660 3268 915 3333 Will’m
978 3267 1195 3332 Sawle
1248 3266 1583 3331 vicarium
1637 3272 1706 3329 et
1763 3270 2274 3349 procuratorem
2329 3264 2462 3330 d'ci
2517 3265 2624 3329 doi

408 3372 761 3456 Radulphi
830 3372 1134 3457 Longley
1203 3377 1282 3434 vt
1352 3376 1548 3455 patet
1619 3389 1741 3454 per
1808 3370 2346 3435 instrumentum
2415 3389 2624 3454 penes

408 3477 807 3562 Capitulum
844 3476 1239 3542 demissum.

877 3680 1051 3763 (320)
1112 3676 1525 3759 (Admission
1572 3676 1645 3740 of
1692 3675 1775 3743 R.
1828 3672 2180 3761 Longley).

580 3845 973 3931 Capitulum
1030 3896 1043 3910 .
1104 3896 1117 3909 .
1177 3896 1190 3909 .
1244 3843 1409 3909 d'no
1462 3841 1836 3927 Radulpho
1889 3842 2212 3927 Longley,
2265 3862 2360 3907 sa.
2417 3843 2487 3908 in
2539 3864 2621 3908 eo

402 3970 611 4036 quem
679 3949 943 4034 peperit
1013 3954 1249 4013 vterus
1316 3948 1689 4034 virginalis.
1801 3946 1911 4011 Ad
1980 3945 2478 4012 canonicatum
2546 3954 2616 4013 et

402 4056 592 4141 preb.
631 4053 716 4119 de
747 4053 1140 4119 Geuendale
1175 4105 1188 4119 .
1228 4105 1242 4120 .
1281 4105 1294 4119 .
1346 4073 1467 4138 per
1502 4053 1570 4117 li.
1606 4072 1730 4117 res,
1767 4050 1870 4117 doi
1909 4050 2171 4115 Thome
2204 4051 2461 4135 Byrom
2496 4104 2509 4118 .
2549 4105 2562 4119 .
2601 4104 2616 4119 .

402 4166 733 4225 vacantes
783 4210 797 4225 .
852 4210 865 4224 .
920 4164 1010 4224 ,te
1057 4158 1127 4222 in
1176 4176 1537 4242 personam
1582 4155 1688 4221 doi
1736 4154 1945 4220 Will'i
2001 4155 2216 4220 Sawle
2266 4156 2618 4239 presbiteri

403 4263 865 4350 procuratoris
925 4262 1031 4327 tui
1122 4313 1135 4327 .
1229 4313 1243 4328 .
1336 4314 1351 4328 .
1422 4260 1869 4345 apposuimus
1905 4292 1910 4297 ·
1953 4260 2054 4342 (as
2123 4259 2202 4323 in
2270 4260 2398 4325 No.
2441 4260 2619 4343 316).

410 4368 515 4453 (78
536 4371 627 4453 v.)
681 4368 843 4434 Dat.
896 4368 967 4433 in
1022 4366 1133 4431 do,
1202 4366 1351 4431 n'ra
1411 4363 1810 4449 Capitulari,
1878 4363 2202 4429 vicesimo
2265 4384 2450 4429 nono
2514 4365 2624 4430 die

404 4474 657 4539 mensis
690 4472 877 4556 Maij,
912 4471 1007 4536 ΑΟ
1038 4470 1318 4535 Domini
1352 4470 1635 4536 Mill'mo
1667 4488 1820 4533 cccc
1855 4468 2278 4554 sexagesimo
2313 4469 2554 4553 primo,

764 4604 837 4668 15

2729 901 2973 1019 Jtissf'ik.

2785 2054 2934 2114 1461,

2725 2118 2858 2183 Efflay
2887 2132 2970 2181 ²7·

2781 2201 2924 2265 ⁴Abp.

2691 2266 3014 2317 YV.Ikxnh.

2780 3062 2929 3123 1461,

2723 3128 2856 3191 May
2883 3141 2966 3188 29.

2775 3844 2925 3904 1461,

2722 3908 2854 3973 hday
2883 3924 2965 3971 29.
