3217 5117
1133 466 1326 529 Acrs
1377 484 1469 530 oF
1517 466 1897 531 CHAPTER.
2550 485 2613 527 11

591 640 666 703 ln
754 640 883 705 Dei
969 640 1270 715 nomine,
1343 640 1593 704 Amen.
1726 640 1951 704 Vobis
2021 640 2397 704 reuerendo
2458 638 2674 743 d'nof
2722 632 2950 744 Ρθῑῑῑῖῑωῑ

412 738 756 815 Will'mo,
811 739 941 804 Dei
993 739 1229 823 gracia
1283 738 1490 804 Ebor.
1549 738 1946 822 Arcbiep’O,
2004 740 2265 823 Anglie
2317 738 2615 821 primati,
2654 713 2928 811 κῗῖἰᾞνςὶῗο

408 838 710 904 officium
779 853 1080 903 vestrum
1150 838 1592 921 implorando
1653 839 2001 923 supplicat
2049 838 2445 923 Collegium
2498 859 2619 901 seu
2653 828 2994 943 fffffflfflml‘

407 938 703 1004 societas
759 938 1128 1002 humilium
1189 937 1491 1003 filiorum
1550 954 1936 1003 vestrorum
1998 938 2411 1003 vicariorum
2476 959 2624 1020 per·
2711 914 2741 942 ι
2862 928 2874 941 ”

411 1053 774 1122 petuorum
892 1040 1056 1103 eccl.
1181 1052 1404 1102 vestre
1527 1038 1830 1123 Rypon’,
1944 1038 2276 1121 quatinus
2380 1058 2617 1102 eorum

411 1138 821 1221 paupertati,
886 1138 1001 1221 pio
1059 1152 1345 1221 paterno
1408 1138 1923 1221 compacientes
1986 1136 2257 1209 affectu,
2329 1137 2619 1200 vicarias

407 1260 530 1301 seu
581 1237 942 1321 porciones
991 1258 1154 1301 suas
1204 1237 1271 1300 in
1322 1236 1629 1321 singulis
1678 1258 1795 1301 sex
1850 1237 2097 1300 marcis
2144 1228 2621 1319 annuis‘ipsis

406 1336 712 1421 singulis
775 1337 1136 1401 dumtaxat
1196 1336 1556 1401 soluendis
1612 1336 2094 1411 consistentes,
2149 1357 2286 1418 que
2346 1348 2622 1418 propter

407 1457 620 1501 onera
694 1436 953 1501 eisdem
1029 1436 1512 1500 incumbencia
1573 1435 1660 1500 ad
1723 1437 2310 1500 sustentacionem
2378 1456 2616 1499 eorum

407 1556 794 1619 congruam
857 1556 992 1599 non
1059 1534 1414 1599 sufficiunt
1475 1556 1612 1618 que
1674 1535 1775 1600 eis
1840 1534 1906 1597 in
1973 1535 2235 1600 diuinis
2289 1534 2618 1599 continue
2715 1563 2879 1613 Their
2904 1564 2985 1611 six

409 1635 888 1699 laborantibus
919 1634 1300 1700 secundum
1343 1633 1508 1698 iuris
1541 1634 1977 1719 exigenciam
2030 1634 2419 1711 debentur,¹
2459 1655 2613 1699 cum
2649 1629 2952 1741 '¹¹³¹''¹,‘⁵fl³-“.·⁰

407 1756 490 1799 os
551 1734 754 1799 bouis
818 1734 1020 1819 ligari
1089 1755 1223 1799 non
1282 1734 1528 1798 debeat
1591 1733 1998 1803 triturantis,
2062 1746 2127 1798 et
2187 1734 2305 1816 qui
2369 1734 2619 1798 altario
2648 1704 3029 1807 iffrtt'issfrmfflu

406 1835 623 1899 seruit
675 1834 910 1898 viuere
964 1834 1210 1898 debeat
1260 1835 1344 1897 de
1399 1833 1620 1907 altari,
1676 1847 1741 1898 et
1792 1834 1908 1915 qui
1967 1834 2052 1897 ad
2110 1854 2289 1898 onus
2336 1833 2620 1917 eligitur
2648 1834 2993 1873 ⁵¹¹⁸¹⁶¹¹ffl¹ffl²

411 1934 645 2017 repelli
706 1955 842 1998 non
893 1934 1142 1998 debeat
1185 1954 1226 1997 a
1278 1934 1608 1997 mercede.
1711 1932 1962 1998 Velitis
2008 1933 2313 1997 caritatis
2364 1932 2614 1996 intuitu

409 2054 534 2115 pro
629 2033 834 2097 modo
926 2045 992 2097 et
1075 2032 1458 2115 quantitate
1551 2031 1895 2096 fructuum
1992 2047 2057 2097 et
2150 2046 2613 2114 prouentuum

407 2131 899 2197 beneficiorum
958 2132 1216 2216 quibus
1270 2132 1696 2209 deseruiunt,
1751 2132 1867 2215 qui
1926 2132 2191 2195 notorie
2239 2132 2407 2196 satis
2454 2146 2619 2195 sunt

409 2232 712 2317 pingues
737 2246 803 2296 et
823 2231 1101 2308 fertiles,
1131 2245 1613 2317 augmentare,
1644 2245 1709 2295 et
1736 2231 1995 2295 eisdem
2028 2231 2613 2297 sustentacionem

403 2353 790 2416 congruam
835 2344 1036 2416 prout
1086 2331 1213 2395 iuri
1263 2330 1594 2396 conuenit
1642 2330 1963 2395 ordinare
2011 2344 2078 2395 et
2126 2329 2347 2395 facere
2393 2330 2619 2414 assig-

409 2432 578 2495 nari.
727 2431 812 2495 Et
872 2431 957 2495 ad
1032 2431 1432 2495 huiusmodi
1498 2430 2161 2516 augmentacionem
2227 2430 2617 2515 graciosius

406 2529 789 2599 faciendam
821 2552 946 2595 vos
977 2543 1306 2595 moueant
1330 2530 1385 2595 si
1419 2532 1643 2613 placet
1668 2551 1877 2595 cause
1903 2545 1967 2594 et
1997 2530 2308 2595 raciones
2332 2528 2617 2594 inferius

401 2644 754 2695 annotate.

584 2768 659 2830 In
738 2768 1000 2850 primis,
1077 2768 1264 2850 quod
1327 2788 1492 2831 cura
1557 2766 2137 2850 parochianorum
2204 2768 2383 2831 dicte
2446 2769 2607 2833 eccl.
2712 2770 2875 2845 rna.-

413 2866 692 2951 Rypon’
730 2886 848 2949 per
897 2867 1261 2950 parochias
1294 2880 1361 2930 et
1395 2866 1719 2949 regiones
1756 2866 2261 2949 prebendarum
2299 2866 2618 2931 domino·
2643 2835 3012 2949 ξζξῗζ“ζ“,“ι’,ἰ“,ζ“””

405 2987 554 3029 rum
620 2988 902 3030 suorum
969 2966 1197 3030 diuisa
1259 2966 1324 3028 in
1383 2966 1530 3030 suis
1588 2966 1996 3050 regionibus
2050 2966 2299 3031 diuisis
2352 2966 2611 3031 eisdem
2644 2967 2941 3023 scarnen-ed,

405 3065 680 3129 vicariis
755 3065 1061 3149 singulis
1130 3078 1235 3130 est
1293 3065 1694 3141 commissa,
1763 3087 2057 3147 quarum
2129 3065 2611 3148 parochiarum

399 3165 640 3247 aliqua
705 3167 854 3229 loca
918 3186 1038 3248 per
1093 3186 1340 3229 nouem
1406 3164 1729 3228 milliaria
1782 3187 1821 3227 a
1879 3164 2044 3227 villa
2113 3164 2395 3249 Rypon’
2454 3180 2617 3230 sunt

400 3265 764 3341 distancia,
845 3286 982 3347 que
1057 3265 1142 3328 ad
1225 3264 1435 3347 pedes
1511 3266 1821 3328 solemus
1898 3278 1963 3328 et
2043 3278 2114 3327 ut
2192 3263 2407 3328 famili
2492 3286 2615 3347 pro

401 3364 808 3430 visitacione
866 3363 1298 3428 infirmorum
1357 3378 1422 3429 et
1466 3364 1626 3429 aliis
1672 3364 1852 3429 dicte
1900 3386 2059 3428 cure
2111 3364 2615 3447 pertinentibus

402 3465 844 3529 excercendis
930 3464 1207 3528 visitare
1291 3464 1528 3547 sepius
1613 3465 2148 3547 compelluntur,
2240 3464 2426 3547 quod
2515 3465 2905 3547 in-anduwy

404 3565 774 3629 honestum
855 3577 920 3628 et
999 3564 1325 3627 indecens
1400 3575 1504 3627 est
1564 3562 2063 3639 sacerdotibus,
2133 3585 2215 3628 eo
2278 3564 2463 3645 quod
2527 3564 2612 3627 ad
2645 3551 2969 3663 ffi‘fssffifand

404 3663 889 3747 pertinendum
927 3676 995 3727 et
1025 3662 1554 3727 conducendum
1592 3663 1724 3727 sibi
1760 3685 1980 3746 equos
2015 3664 2119 3727 vel
2173 3663 2471 3727 famulos
2515 3664 2615 3729 eis
2644 3653 2911 3728 seri-aius.

405 3784 546 3829 non
581 3762 934 3828 sufficiunt
969 3764 1334 3847 porciones
1366 3785 1491 3827 sue
1523 3763 1885 3827 antedicte.

583 3912 777 3989 Item,
818 3910 1005 3994 quod
1043 3924 1321 3994 propter
1363 3932 1544 3975 onus
1582 3932 1744 3975 cure
1787 3911 2085 3994 predicte
2129 3910 2330 3975 iidem
2377 3910 2611 3975 vicarii
2709 3919 2983 3994 Thesara:

403 4010 786 4076 secundum
824 4010 1344 4074 ordinacionem
1385 4010 1452 4072 in
1493 4012 1645 4093 ipsa
1684 4010 1975 4074 ecclesia
2015 4008 2260 4073 factam
2309 4010 2614 4094 singulis
2643 3984 3008 4097 ζίξὲξξῗὲῑῑῧω

401 4110 664 4174 diuinis
697 4109 944 4175 officiis
980 4110 1047 4173 in
1082 4110 1296 4174 choro
1329 4110 1639 4174 eiusdem
1670 4109 1958 4174 ecclesie
1982 4110 2344 4174 celebratis
2369 4110 2615 4175 adesse
2648 4114 2839 4163 Divine
2867 4114 2997 4163 Offi-

401 4224 740 4284 tenemur,
803 4224 869 4274 et
917 4210 984 4272 in
1035 4210 1294 4273 eisdem
1358 4210 1814 4293 personaliter
1871 4210 2280 4275 ministrare.
2339 4222 2616 4293 propter
2644 4195 2980 4293 ξξζὸῗῖιξζζζ

401 4310 614 4393 quod,
704 4323 1103 4375 occurrente
1195 4309 1543 4374 cotidiana
1635 4309 2103 4392 occupacione
2193 4310 2371 4374 dicte
2454 4331 2614 4374 cure

401 4410 794 4497 animarum
830 4422 895 4474 et
926 4409 1118 4473 chori
1152 4409 1432 4492 predicti
1464 4409 1761 4473 inuicem
1791 4409 2385 4495 contingentibus,
2426 4414 2494 4491 (6
2519 4414 2615 4493 v.)

537 4565 550 4589 ¹
590 4560 704 4611 MS.
735 4562 836 4611 has
863 4566 898 4588 ‘⁶
919 4524 1201 4611 debetur-'¹
