<?xml version="1.0" encoding="UTF-8"?>
<!DOCTYPE html PUBLIC "-//W3C//DTD XHTML 1.0 Transitional//EN"
    "http://www.w3.org/TR/xhtml1/DTD/xhtml1-transitional.dtd">
<html xmlns="http://www.w3.org/1999/xhtml" xml:lang="en" lang="en">
 <head>
  <title>
</title>
<meta http-equiv="Content-Type" content="text/html;charset=utf-8" />
  <meta name='ocr-system' content='tesseract 3.04.00' />
  <meta name='ocr-capabilities' content='ocr_page ocr_carea ocr_par ocr_line ocrx_word'/>
</head>
<body>
  <div class='ocr_page' id='page_1' title='image "./memorialschurch00socigoog_0236.png"; bbox 0 0 3217 5117; ppageno 0'>
   <div class='ocr_carea' id='block_1_1' title="bbox 1085 476 2561 563">
    <p class='ocr_par' dir='ltr' id='par_1_1' title="bbox 1085 476 2561 563">
     <span class='ocr_line' id='line_1_1' title="bbox 1085 476 2561 563; baseline 0.001 -22"><span class='ocrx_word' id='word_1_1' title='bbox 1085 476 1272 542; x_wconf 76' lang='lat' dir='ltr'>Acrs</span> <span class='ocrx_word' id='word_1_2' title='bbox 1317 494 1410 542; x_wconf 81' lang='lat' dir='ltr'>oF</span> <span class='ocrx_word' id='word_1_3' title='bbox 1454 476 1813 543; x_wconf 74' lang='lat' dir='ltr'><strong>CHAPTER.</strong></span> <span class='ocrx_word' id='word_1_4' title='bbox 2434 494 2561 563; x_wconf 91' lang='lat'>197</span> 
     </span>
    </p>
   </div>
   <div class='ocr_carea' id='block_1_2' title="bbox 338 651 2561 1781">
    <p class='ocr_par' dir='ltr' id='par_1_2' title="bbox 338 651 2561 1781">
     <span class='ocr_line' id='line_1_2' title="bbox 343 651 2559 743; baseline 0.002 -26"><span class='ocrx_word' id='word_1_5' title='bbox 343 651 657 719; x_wconf 78' lang='lat' dir='ltr'><strong>dedimus</strong></span> <span class='ocrx_word' id='word_1_6' title='bbox 719 654 1104 739; x_wconf 82' lang='lat' dir='ltr'>specialem,</span> <span class='ocrx_word' id='word_1_7' title='bbox 1169 662 1442 721; x_wconf 88' lang='lat' dir='ltr'>statuto</span> <span class='ocrx_word' id='word_1_8' title='bbox 1504 656 1814 743; x_wconf 87' lang='lat' dir='ltr'>predicto</span> <span class='ocrx_word' id='word_1_9' title='bbox 1876 678 2015 721; x_wconf 91' lang='lat' dir='ltr'>non</span> <span class='ocrx_word' id='word_1_10' title='bbox 2078 658 2423 732; x_wconf 87' lang='lat' dir='ltr'>obstante,</span> <span class='ocrx_word' id='word_1_11' title='bbox 2490 663 2559 721; x_wconf 91' lang='lat' dir='ltr'>et</span> 
     </span>
     <span class='ocr_line' id='line_1_3' title="bbox 342 757 2561 845; baseline 0.003 -25"><span class='ocrx_word' id='word_1_12' title='bbox 342 757 652 822; x_wconf 87' lang='lat' dir='ltr'>nolentes</span> <span class='ocrx_word' id='word_1_13' title='bbox 695 758 885 843; x_wconf 92' lang='lat' dir='ltr'>quod</span> <span class='ocrx_word' id='word_1_14' title='bbox 926 759 1216 843; x_wconf 87' lang='lat' dir='ltr'><strong>predicti</strong></span> <span class='ocrx_word' id='word_1_15' title='bbox 1260 760 1365 826; x_wconf 92' lang='lat' dir='ltr'>W.</span> <span class='ocrx_word' id='word_1_16' title='bbox 1414 761 1479 844; x_wconf 92' lang='lat' dir='ltr'>J.</span> <span class='ocrx_word' id='word_1_17' title='bbox 1526 761 1602 826; x_wconf 90' lang='lat' dir='ltr'>T.</span> <span class='ocrx_word' id='word_1_18' title='bbox 1652 761 1717 844; x_wconf 93' lang='lat' dir='ltr'>J.</span> <span class='ocrx_word' id='word_1_19' title='bbox 1764 760 1869 825; x_wconf 94' lang='lat' dir='ltr'>W.</span> <span class='ocrx_word' id='word_1_20' title='bbox 1917 761 2022 826; x_wconf 92' lang='lat' dir='ltr'>W.</span> <span class='ocrx_word' id='word_1_21' title='bbox 2070 761 2175 826; x_wconf 92' lang='lat' dir='ltr'>W.</span> <span class='ocrx_word' id='word_1_22' title='bbox 2222 767 2292 826; x_wconf 88' lang='lat' dir='ltr'>et</span> <span class='ocrx_word' id='word_1_23' title='bbox 2337 761 2401 845; x_wconf 93' lang='lat' dir='ltr'><strong>J.</strong></span> <span class='ocrx_word' id='word_1_24' title='bbox 2449 761 2561 825; x_wconf 90' lang='lat' dir='ltr'>vel</span> 
     </span>
     <span class='ocr_line' id='line_1_4' title="bbox 342 860 2559 949; baseline 0.002 -24"><span class='ocrx_word' id='word_1_25' title='bbox 342 860 621 926; x_wconf 89' lang='lat' dir='ltr'>heredes</span> <span class='ocrx_word' id='word_1_26' title='bbox 703 864 806 927; x_wconf 93' lang='lat' dir='ltr'>sui</span> <span class='ocrx_word' id='word_1_27' title='bbox 891 870 1014 928; x_wconf 89' lang='lat' dir='ltr'>aut</span> <span class='ocrx_word' id='word_1_28' title='bbox 1097 865 1346 948; x_wconf 75' lang='lat' dir='ltr'>prefati</span> <span class='ocrx_word' id='word_1_29' title='bbox 1433 864 1840 949; x_wconf 88' lang='lat' dir='ltr'>Capellanus</span> <span class='ocrx_word' id='word_1_30' title='bbox 1923 865 2033 928; x_wconf 89' lang='lat' dir='ltr'>vel</span> <span class='ocrx_word' id='word_1_31' title='bbox 2118 864 2349 949; x_wconf 86' lang='lat' dir='ltr'>vicarij</span> <span class='ocrx_word' id='word_1_32' title='bbox 2438 886 2559 930; x_wconf 91' lang='lat' dir='ltr'>seu</span> 
     </span>
     <span class='ocr_line' id='line_1_5' title="bbox 340 968 2559 1053; baseline 0.002 -24"><span class='ocrx_word' id='word_1_33' title='bbox 340 986 758 1031; x_wconf 83' lang='lat' dir='ltr'>successores</span> <span class='ocrx_word' id='word_1_34' title='bbox 789 968 894 1032; x_wconf 92' lang='lat' dir='ltr'>sui</span> <span class='ocrx_word' id='word_1_35' title='bbox 927 968 1196 1033; x_wconf 82' lang='lat' dir='ltr'>racione</span> <span class='ocrx_word' id='word_1_36' title='bbox 1227 970 1478 1034; x_wconf 91' lang='lat' dir='ltr'>statuti</span> <span class='ocrx_word' id='word_1_37' title='bbox 1512 968 1800 1053; x_wconf 83' lang='lat' dir='ltr'>predicti</span> <span class='ocrx_word' id='word_1_38' title='bbox 1833 990 1953 1053; x_wconf 92' lang='lat' dir='ltr'>per</span> <span class='ocrx_word' id='word_1_39' title='bbox 1984 990 2107 1034; x_wconf 86' lang='lat' dir='ltr'>nos</span> <span class='ocrx_word' id='word_1_40' title='bbox 2139 970 2247 1034; x_wconf 91' lang='lat' dir='ltr'>vel</span> <span class='ocrx_word' id='word_1_41' title='bbox 2278 969 2559 1033; x_wconf 91' lang='lat' dir='ltr'>heredes</span> 
     </span>
     <span class='ocr_line' id='line_1_6' title="bbox 341 1071 2557 1154; baseline 0.002 -21"><span class='ocrx_word' id='word_1_42' title='bbox 341 1075 612 1135; x_wconf 87' lang='lat' dir='ltr'>nostros</span> <span class='ocrx_word' id='word_1_43' title='bbox 669 1071 1122 1154; x_wconf 80' lang='lat' dir='ltr'>JusticiariOS,</span> <span class='ocrx_word' id='word_1_44' title='bbox 1184 1074 1655 1149; x_wconf 85' lang='lat' dir='ltr'>EschaetoreS‚</span> <span class='ocrx_word' id='word_1_45' title='bbox 1714 1074 2153 1138; x_wconf 87' lang='lat' dir='ltr'>vicecomites</span> <span class='ocrx_word' id='word_1_46' title='bbox 2209 1079 2331 1138; x_wconf 87' lang='lat' dir='ltr'>aut</span> <span class='ocrx_word' id='word_1_47' title='bbox 2390 1074 2557 1139; x_wconf 91' lang='lat' dir='ltr'>alios</span> 
     </span>
     <span class='ocr_line' id='line_1_7' title="bbox 340 1174 2556 1243; baseline 0.003 -6"><span class='ocrx_word' id='word_1_48' title='bbox 340 1174 629 1239; x_wconf 88' lang='lat' dir='ltr'>balliuos</span> <span class='ocrx_word' id='word_1_49' title='bbox 687 1196 807 1241; x_wconf 91' lang='lat' dir='ltr'>seu</span> <span class='ocrx_word' id='word_1_50' title='bbox 867 1177 1217 1242; x_wconf 89' lang='lat' dir='ltr'>ministros</span> <span class='ocrx_word' id='word_1_51' title='bbox 1277 1184 1547 1243; x_wconf 89' lang='lat' dir='ltr'>nostros</span> <span class='ocrx_word' id='word_1_52' title='bbox 1606 1178 1717 1241; x_wconf 90' lang='lat' dir='ltr'>vel</span> <span class='ocrx_word' id='word_1_53' title='bbox 1777 1178 2105 1243; x_wconf 90' lang='lat' dir='ltr'>heredum</span> <span class='ocrx_word' id='word_1_54' title='bbox 2165 1185 2556 1243; x_wconf 87' lang='lat' dir='ltr'>nostrorum</span> 
     </span>
     <span class='ocr_line' id='line_1_8' title="bbox 339 1280 2553 1367; baseline 0.002 -24"><span class='ocrx_word' id='word_1_55' title='bbox 339 1299 812 1365; x_wconf 87' lang='lat' dir='ltr'>quoscumque</span> <span class='ocrx_word' id='word_1_56' title='bbox 867 1280 1024 1346; x_wconf 89' lang='lat' dir='ltr'>inde</span> <span class='ocrx_word' id='word_1_57' title='bbox 1077 1282 1618 1365; x_wconf 82' lang='lat' dir='ltr'>occasionentur,</span> <span class='ocrx_word' id='word_1_58' title='bbox 1674 1282 2127 1347; x_wconf 85' lang='lat' dir='ltr'>molestentur</span> <span class='ocrx_word' id='word_1_59' title='bbox 2178 1282 2249 1347; x_wconf 89' lang='lat' dir='ltr'>in</span> <span class='ocrx_word' id='word_1_60' title='bbox 2302 1282 2553 1367; x_wconf 83' lang='lat' dir='ltr'>aliquO,</span> 
     </span>
     <span class='ocr_line' id='line_1_9' title="bbox 339 1386 2557 1471; baseline 0.002 -24"><span class='ocrx_word' id='word_1_61' title='bbox 339 1402 458 1448; x_wconf 89' lang='lat' dir='ltr'>seu</span> <span class='ocrx_word' id='word_1_62' title='bbox 483 1391 878 1469; x_wconf 88' lang='lat' dir='ltr'>grauentur,</span> <span class='ocrx_word' id='word_1_63' title='bbox 906 1386 1115 1451; x_wconf 89' lang='lat' dir='ltr'>saluis</span> <span class='ocrx_word' id='word_1_64' title='bbox 1142 1392 1378 1451; x_wconf 87' lang='lat' dir='ltr'>tamen</span> <span class='ocrx_word' id='word_1_65' title='bbox 1403 1386 1818 1471; x_wconf 85' lang='lat' dir='ltr'>capitalibus</span> <span class='ocrx_word' id='word_1_66' title='bbox 1844 1386 2021 1451; x_wconf 87' lang='lat' dir='ltr'>d’nis</span> <span class='ocrx_word' id='word_1_67' title='bbox 2046 1387 2227 1452; x_wconf 84' lang='lat' dir='ltr'>feodi</span> <span class='ocrx_word' id='word_1_68' title='bbox 2252 1386 2557 1471; x_wconf 86' lang='lat' dir='ltr'>seruicijs</span> 
     </span>
     <span class='ocr_line' id='line_1_10' title="bbox 339 1487 2556 1556; baseline 0.002 -5"><span class='ocrx_word' id='word_1_69' title='bbox 339 1487 496 1553; x_wconf 88' lang='lat' dir='ltr'>inde</span> <span class='ocrx_word' id='word_1_70' title='bbox 540 1489 793 1554; x_wconf 91' lang='lat' dir='ltr'>debitis</span> <span class='ocrx_word' id='word_1_71' title='bbox 835 1496 905 1554; x_wconf 89' lang='lat' dir='ltr'>et</span> <span class='ocrx_word' id='word_1_72' title='bbox 949 1491 1314 1556; x_wconf 78' lang='lat' dir='ltr'>consuetis,</span> <span class='ocrx_word' id='word_1_73' title='bbox 1413 1491 1494 1556; x_wconf 94' lang='lat' dir='ltr'>In</span> <span class='ocrx_word' id='word_1_74' title='bbox 1537 1513 1593 1556; x_wconf 89' lang='lat' dir='ltr'>c.</span> <span class='ocrx_word' id='word_1_75' title='bbox 1644 1511 1693 1555; x_wconf 92' lang='lat' dir='ltr'>r.</span> <span class='ocrx_word' id='word_1_76' title='bbox 1743 1499 1791 1556; x_wconf 93' lang='lat' dir='ltr'>t.</span> <span class='ocrx_word' id='word_1_77' title='bbox 1840 1492 1963 1556; x_wconf 89' lang='lat' dir='ltr'>has</span> <span class='ocrx_word' id='word_1_78' title='bbox 2006 1491 2142 1556; x_wconf 89' lang='lat' dir='ltr'>litt.</span> <span class='ocrx_word' id='word_1_79' title='bbox 2189 1492 2371 1556; x_wconf 83' lang='lat' dir='ltr'>n’ras</span> <span class='ocrx_word' id='word_1_80' title='bbox 2414 1491 2556 1555; x_wconf 91' lang='lat' dir='ltr'>fieri</span> 
     </span>
     <span class='ocr_line' id='line_1_11' title="bbox 339 1593 2557 1680; baseline 0.001 -23"><span class='ocrx_word' id='word_1_81' title='bbox 339 1593 625 1658; x_wconf 81' lang='lat' dir='ltr'>fecimus</span> <span class='ocrx_word' id='word_1_82' title='bbox 683 1600 1020 1678; x_wconf 68' lang='lat' dir='ltr'>patentes</span> <span class='ocrx_word' id='word_1_83' title='bbox 1116 1596 1318 1660; x_wconf 91' lang='lat' dir='ltr'>Teste</span> <span class='ocrx_word' id='word_1_84' title='bbox 1377 1596 1640 1679; x_wconf 87' lang='lat' dir='ltr'>meipso</span> <span class='ocrx_word' id='word_1_85' title='bbox 1699 1596 1886 1680; x_wconf 91' lang='lat' dir='ltr'>apud</span> <span class='ocrx_word' id='word_1_86' title='bbox 1945 1596 2229 1661; x_wconf 87' lang='lat' dir='ltr'>Westm.</span> <span class='ocrx_word' id='word_1_87' title='bbox 2292 1596 2557 1661; x_wconf 92' lang='lat' dir='ltr'>decimo</span> 
     </span>
     <span class='ocr_line' id='line_1_12' title="bbox 338 1695 1901 1781; baseline 0.002 -20"><span class='ocrx_word' id='word_1_88' title='bbox 338 1695 447 1761; x_wconf 88' lang='lat' dir='ltr'>die</span> <span class='ocrx_word' id='word_1_89' title='bbox 487 1698 808 1763; x_wconf 87' lang='lat' dir='ltr'>Octobris</span> <span class='ocrx_word' id='word_1_90' title='bbox 849 1720 1031 1764; x_wconf 90' lang='lat' dir='ltr'>anno</span> <span class='ocrx_word' id='word_1_91' title='bbox 1074 1700 1259 1781; x_wconf 89' lang='lat' dir='ltr'>regni</span> <span class='ocrx_word' id='word_1_92' title='bbox 1302 1700 1429 1764; x_wconf 90' lang='lat' dir='ltr'>n’ri</span> <span class='ocrx_word' id='word_1_93' title='bbox 1473 1699 1901 1767; x_wconf 80' lang='lat' dir='ltr'>duodecimo,</span> 
     </span>
    </p>
   </div>
   <div class='ocr_carea' id='block_1_3' title="bbox 334 1875 2555 3107">
    <p class='ocr_par' dir='ltr' id='par_1_3' title="bbox 334 1875 2555 3107">
     <span class='ocr_line' id='line_1_13' title="bbox 517 1875 2554 1962; baseline 0.001 -23"><span class='ocrx_word' id='word_1_94' title='bbox 517 1875 641 1940; x_wconf 91' lang='lat' dir='ltr'>Pia</span> <span class='ocrx_word' id='word_1_95' title='bbox 689 1875 1062 1941; x_wconf 88' lang='lat' dir='ltr'>deuocione</span> <span class='ocrx_word' id='word_1_96' title='bbox 1108 1898 1234 1961; x_wconf 91' lang='lat' dir='ltr'>pro</span> <span class='ocrx_word' id='word_1_97' title='bbox 1281 1878 1794 1943; x_wconf 91' lang='lat' dir='ltr'>sustentacione</span> <span class='ocrx_word' id='word_1_98' title='bbox 1848 1878 1973 1961; x_wconf 89' lang='lat'>(71)</span> <span class='ocrx_word' id='word_1_99' title='bbox 2028 1877 2193 1942; x_wconf 89' lang='lat' dir='ltr'>dicti</span> <span class='ocrx_word' id='word_1_100' title='bbox 2242 1878 2554 1962; x_wconf 89' lang='lat' dir='ltr'>perpetui</span> 
     </span>
     <span class='ocr_line' id='line_1_14' title="bbox 337 1979 2555 2067; baseline 0.002 -24"><span class='ocrx_word' id='word_1_101' title='bbox 337 1979 688 2064; x_wconf 90' lang='lat' dir='ltr'>Capellani</span> <span class='ocrx_word' id='word_1_102' title='bbox 775 1987 846 2045; x_wconf 92' lang='lat' dir='ltr'>et</span> <span class='ocrx_word' id='word_1_103' title='bbox 933 2002 1215 2047; x_wconf 87' lang='lat' dir='ltr'>suorum</span> <span class='ocrx_word' id='word_1_104' title='bbox 1302 2002 1768 2047; x_wconf 89' lang='lat' dir='ltr'>successorum</span> <span class='ocrx_word' id='word_1_105' title='bbox 1856 1982 2385 2067; x_wconf 88' lang='lat' dir='ltr'>imperpetuum.</span> <span class='ocrx_word' id='word_1_106' title='bbox 2475 2004 2555 2047; x_wconf 93' lang='lat' dir='ltr'>ac</span> 
     </span>
     <span class='ocr_line' id='line_1_15' title="bbox 336 2085 2554 2171; baseline 0.002 -24"><span class='ocrx_word' id='word_1_107' title='bbox 336 2085 869 2168; x_wconf 83' lang='lat' dir='ltr'>supportacione</span> <span class='ocrx_word' id='word_1_108' title='bbox 926 2092 996 2150; x_wconf 91' lang='lat' dir='ltr'>et</span> <span class='ocrx_word' id='word_1_109' title='bbox 1053 2086 1456 2151; x_wconf 91' lang='lat' dir='ltr'>inuencione</span> <span class='ocrx_word' id='word_1_110' title='bbox 1513 2106 1799 2151; x_wconf 92' lang='lat' dir='ltr'>onerum</span> <span class='ocrx_word' id='word_1_111' title='bbox 1856 2086 2398 2171; x_wconf 88' lang='lat' dir='ltr'>subscriptorum</span> <span class='ocrx_word' id='word_1_112' title='bbox 2455 2087 2554 2151; x_wconf 92' lang='lat' dir='ltr'>in-</span> 
     </span>
     <span class='ocr_line' id='line_1_16' title="bbox 337 2188 2551 2266; baseline 0.001 -13"><span class='ocrx_word' id='word_1_113' title='bbox 337 2188 566 2264; x_wconf 82' lang='lat' dir='ltr'>feriuS,</span> <span class='ocrx_word' id='word_1_114' title='bbox 630 2209 709 2253; x_wconf 85' lang='lat' dir='ltr'>ac</span> <span class='ocrx_word' id='word_1_115' title='bbox 769 2210 853 2254; x_wconf 89' lang='lat' dir='ltr'>ex</span> <span class='ocrx_word' id='word_1_116' title='bbox 912 2190 1134 2255; x_wconf 90' lang='lat' dir='ltr'>causis</span> <span class='ocrx_word' id='word_1_117' title='bbox 1193 2191 1561 2256; x_wconf 88' lang='lat' dir='ltr'>antedictis</span> <span class='ocrx_word' id='word_1_118' title='bbox 1620 2191 1749 2255; x_wconf 91' lang='lat' dir='ltr'>rite</span> <span class='ocrx_word' id='word_1_119' title='bbox 1812 2191 2009 2255; x_wconf 83' lang='lat' dir='ltr'>factis</span> <span class='ocrx_word' id='word_1_120' title='bbox 2069 2197 2137 2255; x_wconf 91' lang='lat' dir='ltr'>et</span> <span class='ocrx_word' id='word_1_121' title='bbox 2198 2190 2551 2266; x_wconf 82' lang='lat' dir='ltr'>ordinatiS,</span> 
     </span>
     <span class='ocr_line' id='line_1_17' title="bbox 335 2293 2550 2379; baseline 0.001 -23"><span class='ocrx_word' id='word_1_122' title='bbox 335 2293 665 2357; x_wconf 88' lang='lat' dir='ltr'>noueritis</span> <span class='ocrx_word' id='word_1_123' title='bbox 718 2294 934 2358; x_wconf 88' lang='lat' dir='ltr'>eciam</span> <span class='ocrx_word' id='word_1_124' title='bbox 989 2315 1112 2359; x_wconf 90' lang='lat' dir='ltr'>nos</span> <span class='ocrx_word' id='word_1_125' title='bbox 1167 2294 1251 2358; x_wconf 85' lang='lat' dir='ltr'>de</span> <span class='ocrx_word' id='word_1_126' title='bbox 1304 2294 1584 2359; x_wconf 86' lang='lat' dir='ltr'>licencia</span> <span class='ocrx_word' id='word_1_127' title='bbox 1638 2294 1889 2379; x_wconf 81' lang='lat' dir='ltr'>prefati</span> <span class='ocrx_word' id='word_1_128' title='bbox 1944 2293 2087 2359; x_wconf 89' lang='lat' dir='ltr'>d’ni</span> <span class='ocrx_word' id='word_1_129' title='bbox 2141 2295 2269 2358; x_wconf 92' lang='lat' dir='ltr'>n&#39;ri</span> <span class='ocrx_word' id='word_1_130' title='bbox 2325 2294 2550 2379; x_wconf 87' lang='lat' dir='ltr'>Regis,</span> 
     </span>
     <span class='ocr_line' id='line_1_18' title="bbox 334 2397 2555 2481; baseline 0.001 -21"><span class='ocrx_word' id='word_1_131' title='bbox 334 2402 415 2460; x_wconf 91' lang='lat' dir='ltr'>vt</span> <span class='ocrx_word' id='word_1_132' title='bbox 473 2397 830 2481; x_wconf 87' lang='lat' dir='ltr'>prefertur,</span> <span class='ocrx_word' id='word_1_133' title='bbox 891 2418 971 2463; x_wconf 89' lang='lat' dir='ltr'>ac</span> <span class='ocrx_word' id='word_1_134' title='bbox 1025 2418 1362 2463; x_wconf 90' lang='lat' dir='ltr'>consensu</span> <span class='ocrx_word' id='word_1_135' title='bbox 1419 2398 1783 2463; x_wconf 88' lang='lat' dir='ltr'>voluntate</span> <span class='ocrx_word' id='word_1_136' title='bbox 1840 2404 1909 2462; x_wconf 93' lang='lat' dir='ltr'>et</span> <span class='ocrx_word' id='word_1_137' title='bbox 1968 2418 2247 2463; x_wconf 89' lang='lat' dir='ltr'>assensu</span> <span class='ocrx_word' id='word_1_138' title='bbox 2304 2398 2555 2464; x_wconf 88' lang='lat' dir='ltr'>nostris</span> 
     </span>
     <span class='ocr_line' id='line_1_19' title="bbox 338 2500 2549 2587; baseline 0.001 -23"><span class='ocrx_word' id='word_1_139' title='bbox 338 2500 659 2586; x_wconf 86' lang='lat' dir='ltr'>exprissis</span> <span class='ocrx_word' id='word_1_140' title='bbox 701 2507 771 2565; x_wconf 90' lang='lat' dir='ltr'>et</span> <span class='ocrx_word' id='word_1_141' title='bbox 817 2504 1126 2567; x_wconf 90' lang='lat' dir='ltr'>omnium</span> <span class='ocrx_word' id='word_1_142' title='bbox 1173 2509 1242 2566; x_wconf 88' lang='lat' dir='ltr'>et</span> <span class='ocrx_word' id='word_1_143' title='bbox 1288 2502 1712 2587; x_wconf 87' lang='lat' dir='ltr'>singulorum</span> <span class='ocrx_word' id='word_1_144' title='bbox 1758 2523 2052 2587; x_wconf 89' lang='lat' dir='ltr'>quorum</span> <span class='ocrx_word' id='word_1_145' title='bbox 2102 2502 2429 2566; x_wconf 83' lang='lat' dir='ltr'>intererat</span> <span class='ocrx_word' id='word_1_146' title='bbox 2481 2502 2549 2567; x_wconf 91' lang='lat' dir='ltr'>in</span> 
     </span>
     <span class='ocr_line' id='line_1_20' title="bbox 336 2605 2553 2691; baseline 0.001 -22"><span class='ocrx_word' id='word_1_147' title='bbox 336 2605 466 2670; x_wconf 88' lang='lat' dir='ltr'>hac</span> <span class='ocrx_word' id='word_1_148' title='bbox 513 2612 711 2689; x_wconf 91' lang='lat' dir='ltr'>parte</span> <span class='ocrx_word' id='word_1_149' title='bbox 761 2606 1046 2682; x_wconf 88' lang='lat' dir='ltr'>dedisse,</span> <span class='ocrx_word' id='word_1_150' title='bbox 1097 2607 1524 2683; x_wconf 89' lang='lat' dir='ltr'>concessisse,</span> <span class='ocrx_word' id='word_1_151' title='bbox 1567 2607 1965 2691; x_wconf 87' lang='lat' dir='ltr'>assignasse,</span> <span class='ocrx_word' id='word_1_152' title='bbox 2018 2612 2087 2670; x_wconf 91' lang='lat' dir='ltr'>et</span> <span class='ocrx_word' id='word_1_153' title='bbox 2138 2607 2201 2670; x_wconf 94' lang='lat' dir='ltr'><strong>h.</strong></span> <span class='ocrx_word' id='word_1_154' title='bbox 2254 2628 2320 2691; x_wconf 91' lang='lat' dir='ltr'>p.</span> <span class='ocrx_word' id='word_1_155' title='bbox 2374 2628 2430 2671; x_wconf 80' lang='lat' dir='ltr'>c,</span> <span class='ocrx_word' id='word_1_156' title='bbox 2481 2627 2553 2674; x_wconf 88' lang='lat' dir='ltr'>n.</span> 
     </span>
     <span class='ocr_line' id='line_1_21' title="bbox 337 2710 2555 2795; baseline 0.001 -22"><span class='ocrx_word' id='word_1_157' title='bbox 337 2710 690 2794; x_wconf 89' lang='lat' dir='ltr'>tripartita</span> <span class='ocrx_word' id='word_1_158' title='bbox 751 2710 1187 2775; x_wconf 89' lang='lat' dir='ltr'>confirmasse</span> <span class='ocrx_word' id='word_1_159' title='bbox 1250 2712 1398 2775; x_wconf 92' lang='lat' dir='ltr'>Deo</span> <span class='ocrx_word' id='word_1_160' title='bbox 1461 2712 1963 2795; x_wconf 89' lang='lat' dir='ltr'>Omnipotenti,</span> <span class='ocrx_word' id='word_1_161' title='bbox 2029 2711 2555 2795; x_wconf 86' lang='lat' dir='ltr'>beatissimeque</span> 
     </span>
     <span class='ocr_line' id='line_1_22' title="bbox 338 2813 2553 2898; baseline 0.001 -21"><span class='ocrx_word' id='word_1_162' title='bbox 338 2814 600 2898; x_wconf 88' lang='lat' dir='ltr'>Virgini</span> <span class='ocrx_word' id='word_1_163' title='bbox 643 2813 874 2889; x_wconf 86' lang='lat' dir='ltr'>Marie,</span> <span class='ocrx_word' id='word_1_164' title='bbox 917 2836 998 2879; x_wconf 91' lang='lat' dir='ltr'>ac</span> <span class='ocrx_word' id='word_1_165' title='bbox 1037 2815 1244 2879; x_wconf 91' lang='lat' dir='ltr'>beato</span> <span class='ocrx_word' id='word_1_166' title='bbox 1285 2814 1619 2891; x_wconf 87' lang='lat' dir='ltr'>wilfrido,</span> <span class='ocrx_word' id='word_1_167' title='bbox 1664 2822 1734 2879; x_wconf 90' lang='lat' dir='ltr'>et</span> <span class='ocrx_word' id='word_1_168' title='bbox 1774 2815 1936 2880; x_wconf 88' lang='lat' dir='ltr'>d’no</span> <span class='ocrx_word' id='word_1_169' title='bbox 1979 2815 2173 2879; x_wconf 92' lang='lat' dir='ltr'>Ric&#39;o</span> <span class='ocrx_word' id='word_1_170' title='bbox 2212 2815 2553 2890; x_wconf 90' lang='lat' dir='ltr'>Tankerd,</span> 
     </span>
     <span class='ocr_line' id='line_1_23' title="bbox 337 2918 2554 3003; baseline 0 -21"><span class='ocrx_word' id='word_1_171' title='bbox 337 2918 728 3002; x_wconf 84' lang='lat' dir='ltr'>CapellanO,</span> <span class='ocrx_word' id='word_1_172' title='bbox 793 2919 1070 3003; x_wconf 88' lang='lat' dir='ltr'>suisque</span> <span class='ocrx_word' id='word_1_173' title='bbox 1133 2919 1383 2984; x_wconf 89' lang='lat' dir='ltr'>futuris</span> <span class='ocrx_word' id='word_1_174' title='bbox 1443 2920 1946 2984; x_wconf 83' lang='lat' dir='ltr'>successoribus</span> <span class='ocrx_word' id='word_1_175' title='bbox 2007 2919 2188 2983; x_wconf 87' lang='lat' dir='ltr'>dicte</span> <span class='ocrx_word' id='word_1_176' title='bbox 2249 2919 2554 2984; x_wconf 88' lang='lat' dir='ltr'>cantarie</span> 
     </span>
     <span class='ocr_line' id='line_1_24' title="bbox 334 3022 2554 3107; baseline 0 -20"><span class='ocrx_word' id='word_1_177' title='bbox 334 3022 740 3106; x_wconf 80' lang='lat' dir='ltr'>CapellaniS,</span> <span class='ocrx_word' id='word_1_178' title='bbox 789 3023 1031 3087; x_wconf 88' lang='lat' dir='ltr'>missas</span> <span class='ocrx_word' id='word_1_179' title='bbox 1074 3028 1142 3087; x_wconf 91' lang='lat' dir='ltr'>et</span> <span class='ocrx_word' id='word_1_180' title='bbox 1188 3022 1323 3087; x_wconf 89' lang='lat' dir='ltr'>alia</span> <span class='ocrx_word' id='word_1_181' title='bbox 1367 3023 1603 3088; x_wconf 90' lang='lat' dir='ltr'>diuina</span> <span class='ocrx_word' id='word_1_182' title='bbox 1648 3022 1869 3087; x_wconf 87' lang='lat' dir='ltr'>officia</span> <span class='ocrx_word' id='word_1_183' title='bbox 1913 3023 2421 3107; x_wconf 87' lang='lat' dir='ltr'>imperpetuum</span> <span class='ocrx_word' id='word_1_184' title='bbox 2465 3023 2554 3087; x_wconf 89' lang='lat' dir='ltr'>ad</span> 
     </span>
    </p>
   </div>
   <div class='ocr_carea' id='block_1_4' title="bbox 332 3126 2686 3212">
    <p class='ocr_par' dir='ltr' id='par_1_4' title="bbox 332 3126 2686 3212">
     <span class='ocr_line' id='line_1_25' title="bbox 332 3126 2686 3212; baseline 0 -21"><span class='ocrx_word' id='word_1_185' title='bbox 332 3126 550 3191; x_wconf 88' lang='lat' dir='ltr'>altare</span> <span class='ocrx_word' id='word_1_186' title='bbox 609 3126 997 3211; x_wconf 90' lang='lat' dir='ltr'>predictum</span> <span class='ocrx_word' id='word_1_187' title='bbox 1062 3127 1194 3192; x_wconf 89' lang='lat' dir='ltr'>S&#39;ci</span> <span class='ocrx_word' id='word_1_188' title='bbox 1254 3127 1518 3191; x_wconf 91' lang='lat' dir='ltr'>Thome</span> <span class='ocrx_word' id='word_1_189' title='bbox 1577 3128 1648 3191; x_wconf 91' lang='lat' dir='ltr'>in</span> <span class='ocrx_word' id='word_1_190' title='bbox 1710 3126 1866 3191; x_wconf 91' lang='lat' dir='ltr'>eccl.</span> <span class='ocrx_word' id='word_1_191' title='bbox 1931 3126 2240 3211; x_wconf 87' lang='lat' dir='ltr'>predicta</span> <span class='ocrx_word' id='word_1_192' title='bbox 2302 3126 2551 3212; x_wconf 90' lang='lat' dir='ltr'>Ripon’</span> <span class='ocrx_word' id='word_1_193' title='bbox 2679 3146 2686 3154; x_wconf 92' lang='lat'>·</span> 
     </span>
    </p>
   </div>
   <div class='ocr_carea' id='block_1_5' title="bbox 329 3230 2553 4462">
    <p class='ocr_par' dir='ltr' id='par_1_5' title="bbox 329 3230 2553 4462">
     <span class='ocr_line' id='line_1_26' title="bbox 332 3230 2551 3315; baseline 0 -21"><span class='ocrx_word' id='word_1_194' title='bbox 332 3230 540 3295; x_wconf 90' lang='lat' dir='ltr'>modo</span> <span class='ocrx_word' id='word_1_195' title='bbox 573 3237 642 3295; x_wconf 92' lang='lat' dir='ltr'>et</span> <span class='ocrx_word' id='word_1_196' title='bbox 676 3231 900 3295; x_wconf 82' lang='lat' dir='ltr'>forma</span> <span class='ocrx_word' id='word_1_197' title='bbox 935 3231 1348 3315; x_wconf 91' lang='lat' dir='ltr'>supradictis</span> <span class='ocrx_word' id='word_1_198' title='bbox 1380 3252 1538 3297; x_wconf 91' lang='lat' dir='ltr'>cum</span> <span class='ocrx_word' id='word_1_199' title='bbox 1571 3231 2055 3295; x_wconf 76' lang='lat' dir='ltr'>infradicendis</span> <span class='ocrx_word' id='word_1_200' title='bbox 2090 3230 2551 3307; x_wconf 82' lang='lat' dir='ltr'>celebraturiS,</span> 
     </span>
     <span class='ocr_line' id='line_1_27' title="bbox 330 3334 2553 3420; baseline 0.001 -22"><span class='ocrx_word' id='word_1_201' title='bbox 330 3340 594 3419; x_wconf 90' lang='lat' dir='ltr'>septem</span> <span class='ocrx_word' id='word_1_202' title='bbox 645 3335 993 3420; x_wconf 81' lang='lat' dir='ltr'>mesuagia</span> <span class='ocrx_word' id='word_1_203' title='bbox 1023 3373 1108 3381; x_wconf 96' lang='lat'><strong>—</strong></span> <span class='ocrx_word' id='word_1_204' title='bbox 1143 3336 1550 3420; x_wconf 88' lang='lat' dir='ltr'>Ingerthorp</span> <span class='ocrx_word' id='word_1_205' title='bbox 1574 3344 1592 3375; x_wconf 90' lang='lat'>¹</span> <span class='ocrx_word' id='word_1_206' title='bbox 1644 3336 1849 3399; x_wconf 89' lang='lat' dir='ltr'>Ebor.</span> <span class='ocrx_word' id='word_1_207' title='bbox 1886 3334 2083 3409; x_wconf 84' lang='lat' dir='ltr'>dioc„</span> <span class='ocrx_word' id='word_1_208' title='bbox 2120 3335 2439 3400; x_wconf 90' lang='lat' dir='ltr'>habenda</span> <span class='ocrx_word' id='word_1_209' title='bbox 2483 3342 2553 3400; x_wconf 91' lang='lat' dir='ltr'>et</span> 
     </span>
     <span class='ocr_line' id='line_1_28' title="bbox 333 3438 2552 3523; baseline 0.001 -21"><span class='ocrx_word' id='word_1_210' title='bbox 333 3438 632 3503; x_wconf 88' lang='lat' dir='ltr'>tenenda</span> <span class='ocrx_word' id='word_1_211' title='bbox 713 3459 839 3523; x_wconf 93' lang='lat' dir='ltr'>pro</span> <span class='ocrx_word' id='word_1_212' title='bbox 917 3446 1250 3523; x_wconf 89' lang='lat' dir='ltr'>perpetuo</span> <span class='ocrx_word' id='word_1_213' title='bbox 1327 3439 1704 3504; x_wconf 91' lang='lat' dir='ltr'>secundum</span> <span class='ocrx_word' id='word_1_214' title='bbox 1780 3439 2022 3504; x_wconf 90' lang='lat' dir='ltr'>seriem</span> <span class='ocrx_word' id='word_1_215' title='bbox 2099 3445 2169 3503; x_wconf 90' lang='lat' dir='ltr'>et</span> <span class='ocrx_word' id='word_1_216' title='bbox 2247 3446 2552 3505; x_wconf 88' lang='lat' dir='ltr'>tenorem</span> 
     </span>
     <span class='ocr_line' id='line_1_29' title="bbox 333 3542 2550 3628; baseline 0.001 -22"><span class='ocrx_word' id='word_1_217' title='bbox 333 3548 521 3607; x_wconf 85' lang='lat' dir='ltr'>carte</span> <span class='ocrx_word' id='word_1_218' title='bbox 570 3542 772 3607; x_wconf 90' lang='lat' dir='ltr'>huius</span> <span class='ocrx_word' id='word_1_219' title='bbox 821 3543 1002 3608; x_wconf 85' lang='lat' dir='ltr'>facte</span> <span class='ocrx_word' id='word_1_220' title='bbox 1051 3550 1121 3607; x_wconf 90' lang='lat' dir='ltr'>et</span> <span class='ocrx_word' id='word_1_221' title='bbox 1169 3543 1484 3607; x_wconf 89' lang='lat' dir='ltr'>ordinate</span> <span class='ocrx_word' id='word_1_222' title='bbox 1533 3544 1602 3607; x_wconf 92' lang='lat' dir='ltr'>in</span> <span class='ocrx_word' id='word_1_223' title='bbox 1653 3544 1781 3608; x_wconf 89' lang='lat' dir='ltr'>hoc</span> <span class='ocrx_word' id='word_1_224' title='bbox 1830 3564 2013 3617; x_wconf 88' lang='lat' dir='ltr'>casu,</span> <span class='ocrx_word' id='word_1_225' title='bbox 2055 3544 2125 3608; x_wconf 90' lang='lat' dir='ltr'>in</span> <span class='ocrx_word' id='word_1_226' title='bbox 2168 3543 2233 3608; x_wconf 92' lang='lat' dir='ltr'>li.</span> <span class='ocrx_word' id='word_1_227' title='bbox 2281 3564 2429 3628; x_wconf 91' lang='lat' dir='ltr'>pur.</span> <span class='ocrx_word' id='word_1_228' title='bbox 2482 3551 2550 3609; x_wconf 89' lang='lat' dir='ltr'>et</span> 
     </span>
     <span class='ocr_line' id='line_1_30' title="bbox 331 3647 2552 3732; baseline 0 -21"><span class='ocrx_word' id='word_1_229' title='bbox 331 3666 520 3731; x_wconf 88' lang='lat' dir='ltr'>perp.</span> <span class='ocrx_word' id='word_1_230' title='bbox 549 3647 629 3712; x_wconf 90' lang='lat' dir='ltr'>el.</span> <span class='ocrx_word' id='word_1_231' title='bbox 663 3668 742 3711; x_wconf 89' lang='lat' dir='ltr'>ac</span> <span class='ocrx_word' id='word_1_232' title='bbox 772 3668 898 3731; x_wconf 91' lang='lat' dir='ltr'>pro</span> <span class='ocrx_word' id='word_1_233' title='bbox 922 3654 1274 3732; x_wconf 84' lang='lat' dir='ltr'>perpetuO.</span> <span class='ocrx_word' id='word_1_234' title='bbox 1342 3647 1678 3713; x_wconf 88' lang='lat' dir='ltr'>Volumus</span> <span class='ocrx_word' id='word_1_235' title='bbox 1702 3648 1918 3713; x_wconf 90' lang='lat' dir='ltr'>eciam</span> <span class='ocrx_word' id='word_1_236' title='bbox 1945 3654 2015 3711; x_wconf 90' lang='lat' dir='ltr'>et</span> <span class='ocrx_word' id='word_1_237' title='bbox 2040 3647 2435 3712; x_wconf 90' lang='lat' dir='ltr'>ordinamus</span> <span class='ocrx_word' id='word_1_238' title='bbox 2468 3668 2552 3712; x_wconf 86' lang='lat' dir='ltr'>ex</span> 
     </span>
     <span class='ocr_line' id='line_1_31' title="bbox 333 3750 2551 3835; baseline 0.001 -21"><span class='ocrx_word' id='word_1_239' title='bbox 333 3750 451 3835; x_wconf 87' lang='lat' dir='ltr'>pia</span> <span class='ocrx_word' id='word_1_240' title='bbox 487 3758 722 3815; x_wconf 90' lang='lat' dir='ltr'>nostra</span> <span class='ocrx_word' id='word_1_241' title='bbox 761 3752 1133 3816; x_wconf 90' lang='lat' dir='ltr'>deuocione</span> <span class='ocrx_word' id='word_1_242' title='bbox 1171 3758 1241 3816; x_wconf 91' lang='lat' dir='ltr'>et</span> <span class='ocrx_word' id='word_1_243' title='bbox 1288 3751 1510 3816; x_wconf 88' lang='lat' dir='ltr'>causis</span> <span class='ocrx_word' id='word_1_244' title='bbox 1559 3752 1927 3816; x_wconf 88' lang='lat' dir='ltr'>antedictis</span> <span class='ocrx_word' id='word_1_245' title='bbox 1974 3751 2057 3816; x_wconf 92' lang='lat' dir='ltr'>de</span> <span class='ocrx_word' id='word_1_246' title='bbox 2106 3772 2439 3817; x_wconf 89' lang='lat' dir='ltr'>consensu</span> <span class='ocrx_word' id='word_1_247' title='bbox 2481 3759 2551 3817; x_wconf 91' lang='lat' dir='ltr'>et</span> 
     </span>
     <span class='ocr_line' id='line_1_32' title="bbox 333 3854 2550 3940; baseline 0.001 -21"><span class='ocrx_word' id='word_1_248' title='bbox 333 3854 697 3920; x_wconf 87' lang='lat' dir='ltr'>voluntate</span> <span class='ocrx_word' id='word_1_249' title='bbox 739 3856 1058 3940; x_wconf 86' lang='lat' dir='ltr'>exprissis</span> <span class='ocrx_word' id='word_1_250' title='bbox 1099 3856 1408 3921; x_wconf 89' lang='lat' dir='ltr'>omnium</span> <span class='ocrx_word' id='word_1_251' title='bbox 1449 3862 1530 3919; x_wconf 89' lang='lat' dir='ltr'>vt</span> <span class='ocrx_word' id='word_1_252' title='bbox 1573 3856 1967 3940; x_wconf 90' lang='lat' dir='ltr'>predicitur,</span> <span class='ocrx_word' id='word_1_253' title='bbox 2011 3855 2199 3940; x_wconf 92' lang='lat' dir='ltr'>quod</span> <span class='ocrx_word' id='word_1_254' title='bbox 2241 3856 2550 3939; x_wconf 81' lang='lat' dir='ltr'>prefatus</span> 
     </span>
     <span class='ocr_line' id='line_1_33' title="bbox 333 3958 2548 4044; baseline 0.001 -21"><span class='ocrx_word' id='word_1_255' title='bbox 333 3958 488 4023; x_wconf 86' lang='lat' dir='ltr'>d&#39;ns</span> <span class='ocrx_word' id='word_1_256' title='bbox 551 3960 784 4025; x_wconf 87' lang='lat' dir='ltr'>Ric’us</span> <span class='ocrx_word' id='word_1_257' title='bbox 829 3960 1168 4035; x_wconf 83' lang='lat' dir='ltr'>Tankerd,</span> <span class='ocrx_word' id='word_1_258' title='bbox 1220 3960 1648 4044; x_wconf 89' lang='lat' dir='ltr'>Capellanus,</span> <span class='ocrx_word' id='word_1_259' title='bbox 1700 3960 1788 4024; x_wconf 91' lang='lat' dir='ltr'>ad</span> <span class='ocrx_word' id='word_1_260' title='bbox 1847 3960 2105 4024; x_wconf 87' lang='lat' dir='ltr'>dictam</span> <span class='ocrx_word' id='word_1_261' title='bbox 2167 3960 2548 4025; x_wconf 86' lang='lat' dir='ltr'>cantariam</span> 
     </span>
     <span class='ocr_line' id='line_1_34' title="bbox 331 4064 2546 4149; baseline 0.003 -22"><span class='ocrx_word' id='word_1_262' title='bbox 331 4065 555 4148; x_wconf 88' lang='lat' dir='ltr'>primo</span> <span class='ocrx_word' id='word_1_263' title='bbox 593 4084 714 4149; x_wconf 88' lang='lat' dir='ltr'>per</span> <span class='ocrx_word' id='word_1_264' title='bbox 751 4086 875 4129; x_wconf 91' lang='lat' dir='ltr'>nos</span> <span class='ocrx_word' id='word_1_265' title='bbox 915 4064 1168 4129; x_wconf 89' lang='lat' dir='ltr'>Will’m</span> <span class='ocrx_word' id='word_1_266' title='bbox 1207 4065 1292 4129; x_wconf 93' lang='lat' dir='ltr'>de</span> <span class='ocrx_word' id='word_1_267' title='bbox 1331 4064 1602 4140; x_wconf 89' lang='lat' dir='ltr'>Cawod,</span> <span class='ocrx_word' id='word_1_268' title='bbox 1645 4064 1920 4148; x_wconf 90' lang='lat' dir='ltr'>Joh&#39;em</span> <span class='ocrx_word' id='word_1_269' title='bbox 1959 4064 2171 4139; x_wconf 91' lang='lat' dir='ltr'>Deen,</span> <span class='ocrx_word' id='word_1_270' title='bbox 2212 4065 2287 4129; x_wconf 92' lang='lat' dir='ltr'><strong>T.</strong></span> <span class='ocrx_word' id='word_1_271' title='bbox 2331 4064 2395 4147; x_wconf 93' lang='lat' dir='ltr'><strong>J.</strong></span> <span class='ocrx_word' id='word_1_272' title='bbox 2439 4066 2546 4134; x_wconf 90' lang='lat' dir='ltr'><strong>W.</strong></span> 
     </span>
     <span class='ocr_line' id='line_1_35' title="bbox 332 4168 2548 4253; baseline 0.001 -20"><span class='ocrx_word' id='word_1_273' title='bbox 332 4168 438 4233; x_wconf 90' lang='lat' dir='ltr'><strong>W.</strong></span> <span class='ocrx_word' id='word_1_274' title='bbox 490 4168 596 4233; x_wconf 92' lang='lat' dir='ltr'><strong>W.</strong></span> <span class='ocrx_word' id='word_1_275' title='bbox 648 4175 718 4233; x_wconf 90' lang='lat' dir='ltr'>et</span> <span class='ocrx_word' id='word_1_276' title='bbox 767 4169 831 4252; x_wconf 95' lang='lat' dir='ltr'><strong>J.</strong></span> <span class='ocrx_word' id='word_1_277' title='bbox 883 4168 1256 4234; x_wconf 87' lang='lat' dir='ltr'>venerabili</span> <span class='ocrx_word' id='word_1_278' title='bbox 1305 4169 1625 4253; x_wconf 88' lang='lat' dir='ltr'>Capitulo</span> <span class='ocrx_word' id='word_1_279' title='bbox 1674 4169 1832 4234; x_wconf 92' lang='lat' dir='ltr'>eccl.</span> <span class='ocrx_word' id='word_1_280' title='bbox 1887 4168 2048 4234; x_wconf 92' lang='lat' dir='ltr'>Coll.</span> <span class='ocrx_word' id='word_1_281' title='bbox 2105 4169 2331 4253; x_wconf 91' lang='lat' dir='ltr'>Ripon</span> <span class='ocrx_word' id='word_1_282' title='bbox 2382 4168 2548 4251; x_wconf 91' lang='lat' dir='ltr'>Jure</span> 
     </span>
     <span class='ocr_line' id='line_1_36' title="bbox 332 4272 2549 4357; baseline 0 -19"><span class='ocrx_word' id='word_1_283' title='bbox 332 4274 483 4338; x_wconf 87' lang='lat' dir='ltr'>n&#39;ro</span> <span class='ocrx_word' id='word_1_284' title='bbox 531 4273 807 4357; x_wconf 89' lang='lat' dir='ltr'>proprio</span> <span class='ocrx_word' id='word_1_285' title='bbox 857 4279 1288 4357; x_wconf 91' lang='lat' dir='ltr'>presentetur</span> <span class='ocrx_word' id='word_1_286' title='bbox 1337 4293 1460 4356; x_wconf 91' lang='lat' dir='ltr'>pro</span> <span class='ocrx_word' id='word_1_287' title='bbox 1510 4274 1720 4357; x_wconf 88' lang='lat' dir='ltr'>ipsius</span> <span class='ocrx_word' id='word_1_288' title='bbox 1769 4272 2101 4357; x_wconf 87' lang='lat' dir='ltr'>capellani</span> <span class='ocrx_word' id='word_1_289' title='bbox 2151 4273 2242 4337; x_wconf 91' lang='lat' dir='ltr'>ad</span> <span class='ocrx_word' id='word_1_290' title='bbox 2290 4273 2549 4338; x_wconf 89' lang='lat' dir='ltr'>dictam</span> 
     </span>
     <span class='ocr_line' id='line_1_37' title="bbox 329 4377 2549 4462; baseline 0.001 -21"><span class='ocrx_word' id='word_1_291' title='bbox 329 4384 740 4462; x_wconf 88' lang='lat' dir='ltr'>perpetuam</span> <span class='ocrx_word' id='word_1_292' title='bbox 786 4378 1190 4453; x_wconf 87' lang='lat' dir='ltr'>cantariam,</span> <span class='ocrx_word' id='word_1_293' title='bbox 1240 4377 1582 4442; x_wconf 90' lang='lat' dir='ltr'>Canonica</span> <span class='ocrx_word' id='word_1_294' title='bbox 1632 4377 2042 4442; x_wconf 88' lang='lat' dir='ltr'>admissione</span> <span class='ocrx_word' id='word_1_295' title='bbox 2098 4377 2549 4443; x_wconf 89' lang='lat' dir='ltr'>Institucione</span> 
     </span>
    </p>
   </div>
   <div class='ocr_carea' id='block_1_6' title="bbox 477 4576 1066 4641">
    <p class='ocr_par' dir='ltr' id='par_1_6' title="bbox 477 4576 1066 4641">
     <span class='ocr_line' id='line_1_38' title="bbox 477 4576 1066 4641; baseline 0 -16"><span class='ocrx_word' id='word_1_296' title='bbox 477 4578 492 4601; x_wconf 80' lang='lat'><em>¹</em></span> <span class='ocrx_word' id='word_1_297' title='bbox 533 4576 610 4625; x_wconf 79' lang='lat' dir='ltr'>As</span> <span class='ocrx_word' id='word_1_298' title='bbox 635 4576 832 4633; x_wconf 81' lang='lat' dir='ltr'>above,</span> <span class='ocrx_word' id='word_1_299' title='bbox 861 4590 916 4641; x_wconf 87' lang='lat' dir='ltr'>p.</span> <span class='ocrx_word' id='word_1_300' title='bbox 952 4576 1066 4637; x_wconf 89' lang='lat'><strong>196.</strong></span> 
     </span>
    </p>
   </div>
  </div>
 </body>
</html>
