3217 5117
1165 445 1352 511 Aci-s
1398 463 1490 511 or
1536 444 1892 511 CHAPTER.
2513 458 2638 526 139

423 626 605 709 line).
695 626 788 692 Et
816 627 899 691 de
924 627 1106 690 dono
1130 625 1391 690 Thome
1416 625 1500 690 de
1535 624 1750 689 Ledes
1775 630 1912 689 tres
1937 643 2129 689 acras
2153 630 2222 687 et
2248 623 2339 687 di.
2369 629 2544 686 terre
2569 620 2640 685 in

424 731 685 816 campis
740 730 825 795 de
882 731 1109 815 Ripon
1164 736 1233 794 et
1286 730 1519 814 Thorp
1573 729 1771 794 iuxta
1827 729 2075 814 Ripon.
2171 728 2265 792 Et
2320 726 2403 791 de
2458 726 2641 791 dono

423 834 707 899 Walteri
780 836 865 899 de
939 834 1153 899 Ledes
1224 832 1596 918 quemdam
1663 833 2030 898 annualem
2104 832 2450 898 redditum
2521 852 2641 895 sex

422 938 797 1004 solidorum
845 946 915 1003 et
962 945 1121 1003 octo
1168 937 1604 1002 denariorum
1653 937 1737 1002 de
1787 944 1924 1003 ten.
1975 958 2101 1003 suo
2148 938 2414 1002 iacente
2461 936 2531 1000 in
2580 935 2642 998 16

422 1042 881 1109 Merketstede
932 1064 1017 1107 ex
1065 1049 1263 1127 parte
1314 1041 1630 1106 orientali
1680 1042 1860 1107 inter
1909 1063 2208 1127 mesuag.
2268 1040 2506 1105 Rob'ti
2555 1038 2640 1103 de

424 1147 844 1212 Burnehows
900 1168 984 1211 ex
1041 1167 1180 1212 vna
1237 1152 1433 1231 parte
1488 1152 1558 1210 et
1620 1152 1756 1209 ten.
1819 1145 2041 1228 Joh’is
2099 1144 2498 1229 Frankysch
2555 1164 2639 1207 ex

422 1252 639 1317 altera
660 1259 878 1337 parte.
978 1252 1156 1315 Item
1178 1251 1262 1315 de
1285 1251 1468 1315 dono
1490 1249 1780 1335 predicti
1804 1250 2026 1333 Joh'is
2047 1250 2132 1314 de
2157 1250 2638 1333 Hawkeswyk,

420 1376 636 1421 vnum
665 1376 969 1421 annuam
999 1356 1345 1420 redditum
1372 1376 1490 1420 sex
1520 1355 1893 1420 solidorum
1921 1361 1991 1419 et
2019 1361 2177 1419 octo
2205 1355 2641 1420 denariorum

421 1466 696 1526 exeunt.
753 1459 839 1525 de
890 1481 1030 1525 vno
1080 1460 1429 1545 mesuagio
1481 1460 1834 1545 quondam
1888 1459 2177 1525 Galfridi
2229 1460 2518 1525 Glouere
2571 1460 2640 1524 in

422 1564 895 1650 Ploxomgate.
991 1564 1083 1628 Et
1113 1564 1198 1629 de
1229 1564 1412 1628 dono
1443 1570 1511 1629 et
1544 1566 1976 1629 concessione
2010 1564 2359 1649 Ranulphi
2392 1565 2638 1650 Pygot,

420 1669 678 1744 militis,
733 1668 1108 1754 quemdam
1162 1668 1528 1734 annualem
1582 1668 1929 1734 redditum
1981 1669 2216 1734 decem
2268 1669 2640 1734 solidorum

421 1779 697 1839 exeunt.
757 1773 841 1838 de
900 1774 1096 1838 terris
1152 1779 1221 1837 et
1282 1780 1419 1837 ten.
1480 1773 1621 1837 suis
1679 1774 1746 1838 in
1807 1773 2129 1857 Bokesby
2187 1773 2451 1857 Pykall.
2547 1773 2640 1836 Et

422 1877 603 1943 dono
646 1876 853 1942 Will'i
896 1878 981 1941 de
1024 1877 1419 1942 Thorneton
1464 1877 1838 1962 quemdam
1883 1877 2249 1942 annualem
2293 1876 2639 1942 redditum

422 2003 539 2046 sex
578 1982 954 2047 solidorum
994 1988 1063 2046 et
1105 1988 1263 2047 octo
1303 1982 1740 2047 denariorum
1781 1987 2054 2046 exeunt.
2100 1980 2184 2045 (16
2225 1988 2362 2046 ten.
2406 2002 2530 2046 suo
2568 1982 2638 2045 in

425 2086 777 2172 Westgate
814 2087 885 2151 in
922 2108 1062 2171 quo
1099 2087 1449 2171 predictus
1487 2086 1702 2151 Will’s
1740 2086 2107 2151 inhabitat.
2204 2086 2297 2149 Et
2335 2085 2419 2149 de
2458 2085 2641 2150 dono

424 2192 647 2276 J0h‘is
710 2190 795 2255 de
860 2190 1179 2276 Morpath
1244 2190 1618 2276 quemdam
1682 2189 2047 2254 annualem
2112 2188 2457 2253 redditum
2521 2210 2640 2254 sex

424 2296 797 2361 solidorum
827 2301 897 2359 et
926 2301 1085 2360 octo
1114 2295 1552 2360 denariorum
1582 2300 1856 2358 exeunt.
1892 2293 1976 2358 de
2005 2292 2310 2377 quadam
2341 2292 2642 2379 Grangia

426 2408 494 2465 et
553 2421 693 2465 vno
753 2399 1127 2465 columbari
1192 2400 1435 2465 iacent.
1504 2399 1700 2464 iuxta
1759 2396 2132 2483 Grangiam
2193 2399 2470 2463 Henrici
2531 2398 2640 2463 del

430 2504 625 2569 Keld.
720 2505 813 2568 Et
868 2504 1225 2569 dimidiam
1279 2512 1546 2588 partem
1600 2503 1803 2568 vnius
1853 2502 2114 2587 Cotagij
2173 2502 2241 2567 in
2289 2502 2641 2588 Westgate

424 2630 506 2674 6)(
566 2608 750 2683 dono
812 2608 1051 2673 Rob'ti
1111 2609 1195 2673 de
1254 2607 1547 2692 Wytton
1608 2613 1680 2671 et
1740 2607 1962 2690 Joh’is
2023 2607 2421 2690 Frankysch
2481 2628 2639 2673 cum

424 2714 743 2779 omnibus
807 2713 949 2778 suis
1012 2712 1453 2797 pertinencijs
1518 2712 2090 2797 quibuscumque,
2159 2732 2292 2795 que
2357 2712 2638 2797 quidem

426 2824 601 2883 terre
649 2824 718 2881 6(
767 2823 1163 2882 tenementa
1209 2816 1517 2901 predicta
1564 2822 1889 2880 tenentur
1935 2815 2019 2879 de
2065 2815 2228 2880 d'no
2274 2816 2638 2901 Archiep’o

424 2929 491 2987 6(
557 2922 732 3005 alijs.
829 2901 1145 2986 I-labend.
1216 2926 1285 2985 et
1352 2919 1626 2985 tenend.
1696 2919 2005 3004 predicto
2071 2920 2234 2985 d’no
2299 2921 2485 3004 Joh'i
2551 2922 2636 2987 de

426 3026 753 3111 Cabergh,
837 3026 1225 3110 Capellano,
1308 3032 1377 3090 6(
1458 3025 1956 3091 successoribus
2035 3026 2175 3090 suis
2255 3026 2637 3111 Capellanis

428 3130 851 3216 temporibus
887 3129 1234 3214 perpetuis
1271 3130 1521 3194 futuris
1557 3130 1627 3194 in
1664 3130 1851 3193 dicta
1888 3129 2162 3213 Capella
2196 3130 2638 3197 celebraturis

427 3254 551 3319 pro
589 3234 767 3299 viuis
806 3240 875 3298 et
914 3233 1259 3299 defunctis
1295 3234 1604 3319 superius
1643 3233 2070 3318 specificatis,
2112 3234 2339 3309 libere,
2380 3236 2636 3320 quiete,

427 3346 495 3402 et
526 3338 593 3402 in
623 3359 790 3422 pace
822 3338 1109 3403 faciend.
1144 3344 1213 3401 et
1243 3337 1589 3404 reddendo
1619 3337 2045 3421 Capitalibus
2073 3337 2251 3403 d'nis
2282 3339 2636 3405 feodorum

427 3443 696 3509 illorum
748 3442 1034 3508 seruicia
1086 3443 1321 3507 debita
1372 3448 1442 3506 et
1494 3442 1579 3505 de
1632 3442 1774 3506 iure
1827 3448 2174 3507 consueta.
2269 3443 2369 3507 Ac
2421 3444 2635 3508 eciam

424 3546 745 3613 volumus
798 3553 869 3611 et
924 3547 1320 3613 ordinamus
1374 3546 1561 3631 quod
1619 3546 1844 3611 dictus
1899 3546 2133 3629 Joh'es
2189 3546 2272 3610 de
2328 3546 2636 3633 Cabergh

427 3652 832 3738 Capellanus
876 3658 946 3716 et
988 3670 1404 3716 successores
1442 3650 1546 3715 sui
1579 3650 1926 3733 CapeUani
1972 3650 2040 3715 in
2083 3650 2272 3715 dicta
2315 3651 2639 3717 Cantaria

426 3757 1001 3843 quandocumque
1046 3762 1115 3820 et
1159 3756 1782 3840 quocienscumque
1826 3755 2176 3819 vacauerit
2223 3754 2634 3823 admittend.

429 3862 603 3926 infra
652 3860 1113 3945 quadraginta
1162 3860 1306 3924 dies
1356 3882 1398 3925 a
1448 3864 1755 3942 tempore
1807 3864 1968 3923 note
2019 3858 2406 3924 vacacionis
2455 3859 2637 3926 dicte

427 3965 743 4031 Cantarie
788 3984 909 4048 per
952 3964 1225 4047 Joh'em
1269 3964 1354 4029 de
1402 3961 1688 4048 Ingelby
1732 3962 2065 4047 quamdiu
2110 3963 2360 4028 vixerit
2404 3970 2474 4029 et
2519 3987 2639 4050 per

426 4069 636 4153 ipsius
693 4067 973 4133 heredes
1031 4067 1115 4131 de
1173 4088 1453 4153 corpore
1510 4088 1635 4132 suo
1692 4066 1992 4152 legitime
2050 4068 2421 4151 procreatis
2480 4077 2637 4154 post

427 4174 569 4239 eius
613 4178 906 4238 mortem
954 4172 1272 4256 Capitulo
1317 4172 1474 4236 eccl.
1525 4171 1689 4235 Coll.
1743 4170 1990 4253 Ripon'
2041 4175 2522 4255 presententur
2566 4179 2635 4238 et

426 4299 546 4363 per
608 4278 873 4343 dictum
940 4277 1335 4362 Capitulum
1403 4278 1471 4341 in
1538 4276 1778 4340 eadem
1845 4275 2168 4340 Cantaria
2233 4276 2377 4343 sine
2443 4297 2636 4342 mora

428 4383 749 4448 canonice
825 4382 1281 4447 instituantur
1354 4388 1423 4445 et
1498 4381 1568 4445 in
1646 4382 2065 4465 corporalem
2143 4382 2633 4464 possessionem

429 4486 729 4552 eiusdem
764 4486 1127 4551 actualiter
1158 4485 1593 4551 inducantur.
1689 4485 1781 4549 Et
1815 4485 1871 4549 si
1903 4484 2252 4570 predictus
2283 4486 2636 4570 Johannes

2750 3976 2897 4039 John
2923 3978 2994 4025 de

2682 4043 2912 4106 Ingelby
2939 4044 3049 4093 aud

2701 4110 2783 4158 his
2810 4110 2952 4158 heirs
2981 4116 3042 4159 to

2699 4178 2766 4225 be
2789 4180 3036 4239 patrous.

2763 4444 2811 4491 lf
2838 4445 2972 4509 kept

2712 4517 2920 4562 vacant
2945 4528 3016 4575 40
