3217 5117
605 458 732 523 190
1177 442 1334 507 Tim
1384 442 1699 509 ΙΝοιιΒγ
1746 444 2239 509 MANUSCRIPT.

595 621 952 705 capellano
1031 622 1428 687 Cantariam
1509 623 1764 688 ibidem
1842 624 2185 709 optinenti
2264 622 2573 708 exequiis
2650 623 2820 687 meis

595 725 1042 803 funeralibuS,
1091 727 1406 792 videlicet
1454 728 1749 793 Placebo
1791 735 1860 793 et
1906 729 2136 814 Dirige
2178 748 2337 793 cum
2380 728 2817 793 commenda-

593 830 786 895 cione
843 838 1298 907 mortuorum,
1359 853 1438 896 ac
1495 832 1699 897 misse
1756 833 2045 898 funerali
2105 833 2358 897 ibidem
2416 832 2819 897 celebrande

593 935 792 1018 plene
843 936 1295 1010 interessenti,
1349 936 1480 1019 iijS.
1527 936 1696 1019 iiijd.
1747 944 1817 1001 et
1862 937 2145 1002 cuilibet
2198 936 2490 1001 diacono
2540 944 2609 1000 et
2658 936 2817 999 sub-

594 1038 884 1105 diacono
915 1040 1218 1104 eiusdem
1265 1040 1424 1105 eccl.
1461 1040 1719 1105 eisdem
1753 1041 1995 1126 officijs
2028 1041 2456 1106 interessenti
2490 1041 2678 1115 xxd.,
2744 1046 2815 1104 et

592 1144 871 1209 cuilibet
927 1144 1360 1209 thuribilario
1412 1152 1483 1211 et
1535 1145 1836 1210 choriste
1889 1146 2101 1230 ipsius
2154 1145 2313 1210 eccl.
2368 1146 2487 1230 qui
2541 1165 2816 1229 presens

595 1247 798 1312 fuerit
877 1248 945 1313 in
1022 1249 1484 1313 celebracione
1561 1249 1939 1315 officiorum
2018 1250 2431 1315 funeralium
2505 1270 2815 1314 meorum

595 1352 1079 1436 predictorum,
1117 1352 1284 1437 xijd.
1323 1360 1392 1417 et
1427 1354 1708 1418 sacriste
1741 1354 1924 1418 dicte
1958 1354 2232 1419 ecclesie
2267 1374 2391 1438 pro
2424 1354 2816 1439 pulsacione

229 1461 426 1541 lj'abric
456 1461 515 1511 of
594 1476 740 1532 sua,
781 1456 909 1540 iijs.
951 1457 1119 1540 iiijd.
1217 1457 1397 1522 Item
1435 1458 1584 1543 lego
1624 1458 1879 1522 fabrice
1916 1459 2075 1523 eccl.
2118 1458 2467 1533 Suthwell,
2508 1459 2577 1522 xl
2612 1458 2809 1522 solid.

217 1529 516 1643 ῗξῖξᾙζᾞξη
596 1559 775 1626 Item
813 1562 962 1647 lego
999 1561 1088 1626 ad
1126 1562 1576 1628 distribuend.
1622 1563 1839 1647 magis
1878 1562 2345 1648 indigentibus
2382 1562 2815 1647 parochianis

239 1662 482 1783 ἔεξὲῗξιξέ
593 1665 868 1730 ecclesie
925 1665 1010 1730 de
1070 1666 1382 1751 Belesby,
1445 1666 1751 1732 Lincoln.
1813 1666 1987 1732 dioc,
2050 1688 2199 1731 xx5.
2298 1667 2475 1731 Item
2532 1668 2683 1753 lego
2737 1667 2811 1731 in

194 1797 252 1845 of
279 1768 529 1845 Wa'rtbfi,
594 1769 1082 1835 distribucione
1116 1791 1498 1855 pauperum
1524 1772 2098 1855 parochianorum
2133 1792 2460 1847 meorum,
2490 1778 2559 1835 et
2594 1772 2813 1855 magis

281 1904 454 1961 mate,
593 1874 1052 1960 indigencium
1099 1874 1255 1940 eccl.
1299 1896 1447 1939 mee
1494 1876 1578 1939 de
1625 1876 1936 1951 Warton,
1978 1876 2283 1961 quinque
2328 1896 2535 1941 marc.
2631 1875 2811 1940 Item

205 1972 508 2087 bggegtc
594 1978 684 2043 do
739 1986 808 2043 et
866 1980 1016 2064 lego
1071 1980 1235 2045 d’no
1292 1979 1477 2063 Joh’i
1536 1980 1623 2044 de
1679 1980 1871 2045 Dene
1926 1981 2255 2045 confratri
2314 2000 2467 2045 meo
2524 1980 2593 2045 in
2648 1980 2809 2045 eccl.

385 2076 398 2089 ⁹
515 2077 524 2087 '
597 2082 824 2168 Ripon
880 2083 1210 2168 predicta,
1267 2105 1480 2149 vnam
1535 2085 1801 2169 peciam
1856 2085 2121 2171 argenti
2174 2106 2331 2150 cum
2386 2084 2811 2169 cooperculO,

595 2188 966 2253 habentem
1014 2188 1081 2253 in
1129 2188 1532 2253 summitate
1580 2188 1947 2253 draconem
1997 2189 2423 2264 deauratam,
2474 2196 2543 2253 et
2592 2190 2817 2253 maius

593 2293 1120 2377 portiphorium,
1169 2313 1250 2357 ea
1295 2292 1615 2357 videlicet
1662 2294 2051 2359 intencione
2095 2294 2283 2378 quod
2328 2294 2554 2378 ipsum
2600 2294 2815 2378 porti-

593 2397 914 2480 phorium
972 2418 1096 2482 pro
1153 2404 1488 2481 perpetuo
1547 2397 1843 2482 proprijs
1900 2398 2040 2463 suis
2097 2398 2334 2463 vsibus
2392 2398 2681 2462 retineat
2742 2404 2815 2462 et

594 2501 761 2565 nulli
832 2502 1111 2566 omnino
1181 2501 1574 2566 huiusmodi
1644 2501 1877 2586 quoad
1947 2502 2198 2567 uixerit
2268 2502 2537 2568 alienet.
2634 2501 2817 2566 Item

202 2596 451 2712 Βῖἕιᾞξξ
479 2598 534 2645 ⁵¹¹
592 2604 742 2690 lego
799 2604 962 2671 d'no
1022 2606 1322 2670 Will’mo
1382 2605 1666 2671 Chanon
1730 2605 2008 2670 Rectori
2066 2606 2295 2671 eccl’ie
2353 2606 2437 2671 de
2498 2606 2815 2690 Berwyk,

455 2702 464 2712 ”
593 2709 799 2775 Ebor.
863 2708 1062 2785 dioc„
1126 2730 1337 2774 unam
1396 2710 1663 2793 peciam
1723 2709 2131 2775 deauratam
2188 2731 2401 2795 quarn
2459 2711 2669 2776 habui
2728 2732 2817 2774 ex

592 2812 774 2877 dono
802 2813 1042 2898 Mag’ri
1069 2812 1292 2877 Nich'i
1323 2814 1617 2897 Feryby.
1718 2813 1894 2879 Item
1922 2814 2073 2899 lego
2099 2814 2262 2878 d'no
2287 2814 2473 2897 Joh'i
2503 2814 2817 2879 Redenes

591 2938 802 2981 vnam
884 2917 1148 3001 peciam
1231 2918 1494 3003 argenti
1579 2918 1949 2983 formatam
2032 2919 2120 2983 ad
2199 2919 2484 2983 modurn
2562 2920 2815 2991 calicis,

591 3022 965 3086 habentem
1039 3021 1412 3107 quemdam
1487 3042 1852 3087 numerum
1926 3023 2258 3107 scripturn
2332 3023 2401 3087 in
2476 3023 2668 3107 pede,
2747 3030 2819 3088 et

592 3126 797 3191 aliam
841 3127 1106 3210 peciam
1147 3126 1555 3191 deauratam
1596 3146 1755 3191 cum
1796 3127 1936 3191 suis
1975 3126 2412 3211 cooperculiS,
2458 3134 2525 3192 et
2568 3127 2818 3212 viginti

225 3238 270 3284 Α
299 3252 498 3285 mazer.
591 3229 741 3294 libr.
788 3230 1074 3315 argenti,
1117 3250 1335 3294 vnum
1377 3230 1659 3314 ciphum
1700 3230 2024 3295 mirreum
2068 3231 2399 3296 minorem
2441 3252 2599 3296 cum
2640 3232 2821 3315 pede

591 3340 661 3398 et
732 3334 1137 3418 cooperculo
1206 3334 1277 3398 in
1346 3340 1546 3418 parte
1607 3334 1965 3410 deaurato,
2030 3340 2099 3399 et
2171 3355 2384 3400 vnam
2455 3334 2821 3421 legendam

591 3444 1011 3513 sanctorum,
1076 3445 1145 3503 et
1210 3437 1723 3523 Portiphorium
1786 3459 2017 3503 meum
2078 3439 2325 3504 minus,
2424 3439 2602 3504 Item
2662 3440 2823 3525 lego

591 3542 755 3607 d'no
797 3542 946 3606 Ade
988 3542 1260 3618 Towell,
1305 3542 1683 3627 capellanO,
1729 3543 1798 3606 xl
1840 3542 2035 3608 solid.
2080 3550 2149 3607 et
2192 3564 2404 3609 vnam
2444 3544 2685 3608 robam
2728 3544 2821 3609 de

591 3646 986 3711 melioribus
1022 3668 1179 3712 cum
1220 3652 1372 3712 toto
1409 3652 1771 3731 apparatu.
1872 3647 2050 3711 Item
2088 3647 2237 3731 lego
2276 3647 2543 3712 missale
2580 3668 2823 3714 meum

591 3758 660 3815 et
709 3752 992 3815 calicem
1039 3750 1445 3815 deauratam
1494 3771 1635 3815 vna
1681 3771 1839 3816 cum
1888 3752 2305 3816 vestimento
2350 3772 2505 3817 meo
2550 3751 2823 3817 meliori

163 3854 454 3943 xfestpnent
479 3856 562 3902 ¹01
593 3855 676 3919 de
719 3875 951 3939 panno
993 3854 1196 3919 viridi
1239 3853 1593 3930 deaurat0,
1639 3876 1779 3919 vna
1820 3876 1977 3920 cum
2020 3856 2155 3920 alio
2194 3856 2611 3921 vestimento
2652 3856 2827 3922 albo

233 3922 287 3968 u
305 3926 483 3970 arton.
592 3960 660 4023 in
721 3958 1176 4023 ministerium
1234 3958 1484 4023 summi
1544 3959 1781 4022 altaris
1840 3958 2119 4023 ecclesie
2176 3980 2324 4023 mee
2382 3959 2467 4024 de
2524 3960 2829 4027 Warton

591 4061 876 4147 predict.
973 4062 1152 4126 Item
1240 4061 1390 4146 lego
1477 4062 1757 4127 calicem
1844 4082 2077 4127 meum
2167 4070 2568 4149 argenteum
2654 4084 2829 4131 curn

591 4167 860 4231 duobus
905 4166 1338 4231 vestimentis
1383 4166 1641 4250 capelle
1685 4186 1833 4230 mee
1880 4166 1951 4231 in
1998 4188 2197 4231 vsum
2244 4173 2313 4231 et
2358 4167 2829 4235 ministerium

589 4271 825 4336 altari's
887 4270 1230 4355 prebende
1295 4291 1442 4335 mee
1506 4270 1641 4336 S’ci
1706 4270 1931 4353 Joh'is
1997 4272 2347 4337 Beuerlaci
2411 4272 2587 4336 infra
2649 4274 2825 4341 eccl.

588 4374 737 4439 coll.
794 4375 880 4440 de
937 4375 1210 4459 Rypon’
1269 4373 1554 4458 predict.
1684 4374 1865 4439 Item
1927 4375 2077 4461 lego
2133 4375 2435 4441 Will'mo
2496 4376 2689 4440 Croft
2748 4380 2825 4444 xl

207 4482 370 4536 Beris,
399 4481 501 4527 etc.
587 4478 779 4543 solid.
827 4485 896 4544 et
939 4500 1154 4544 vnum
1198 4478 1452 4542 lectum
1498 4499 1654 4543 cum
1702 4478 2129 4563 Chappelet,1
2178 4480 2317 4544 albi
2361 4479 2621 4545 coloris,
2724 4482 2826 4549 Et

589 4581 609 4587 ’
735 4580 753 4629 f
789 4582 1034 4668 Perhaps
1061 4617 1095 4651 a.
1121 4602 1263 4651 little
1289 4603 1500 4669 chapel‚
1530 4610 1774 4670 oratnry,
1803 4620 1865 4655 or
1890 4607 2089 4657 shrine.
