3217 5117
27 3077 34 3123 Γ.

1135 476 1323 540 Acrs
1369 490 1460 539 or
1506 472 1865 539 CHAPTER.
2484 489 2611 555 237

389 653 467 716 81
501 671 564 717 v.
711 655 888 739 (334)
974 654 1531 733 AcoumrANmA
1613 668 1750 717 PRo
1833 668 2190 733 DENARIJS
2273 668 2617 717 RECEPTIS

481 775 621 824 PRo
671 758 866 824 CAPA
913 776 1281 824 PRECIOSA.

565 900 828 966 Tenore
891 900 1316 985 presencium
1379 900 1606 964 cuntis
1671 904 2003 983 appareat
2068 894 2432 963 manifeste
2492 917 2617 963 nos

392 1003 790 1089 Capitulum
821 1006 980 1071 eccl.
1015 1005 1178 1070 Coll.
1213 1006 1278 1070 b.
1301 992 1530 1069 'Wilfr.
1569 1004 1819 1088 Ripon'
1854 1003 2167 1088 recipisse
2198 1009 2267 1067 et
2298 1002 2616 1067 habuisse

391 1110 500 1174 die
533 1109 986 1175 confeccionis
1020 1109 1445 1194 presencium
1478 1108 1563 1173 de
1595 1108 1969 1173 venerabili
2004 1107 2349 1173 confratre
2380 1114 2616 1172 nostro

394 1214 654 1299 Mag’ro
691 1215 745 1278 F
749 1214 990 1280 ulcone
1029 1214 1579 1299 Bermyngeham
1618 1211 1963 1277 Canonico
1999 1212 2305 1277 eiusdem
2342 1212 2617 1277 ecclesie

391 1339 470 1383 ac
519 1318 968 1402 prebendario
1018 1318 1360 1403 prebende
1407 1318 1492 1382 de
1549 1316 1877 1400 Stodelay
1934 1317 2003 1381 in
2060 1315 2321 1392 eadem,
2381 1316 2616 1381 decern

391 1442 658 1487 marcas
681 1422 1036 1509 anglicane
1059 1428 1332 1488 monete
1355 1422 1426 1487 in
1449 1422 1877 1505 empcionem
1899 1419 2104 1485 Vnius
2127 1441 2295 1505 cape
2318 1420 2617 1504 preciose

389 1548 602 1613 quam
668 1527 1049 1593 secundum
1114 1526 1536 1611 exigenciam
1599 1531 2029 1591 statutorum
2095 1526 2277 1590 dicte
2342 1525 2616 1589 ecclesie

389 1632 670 1697 reddere
707 1638 985 1696 tenetur
1019 1638 1088 1695 et
1123 1631 1510 1715 specialiter
1544 1630 1724 1695 infra
1762 1630 2136 1695 triennium
2173 1651 2213 1694 a
2249 1630 2471 1714 primo
2507 1629 2615 1693 die

391 1736 773 1821 Septembr.
826 1736 1030 1801 Anno
1079 1736 1240 1800 D'ni
1290 1735 1649 1800 Millesimo
1695 1734 2376 1819 quadringentesimo
2423 1754 2615 1799 sexa-

388 1841 646 1927 gesimo
672 1847 925 1926 quarto
951 1842 1275 1905 continue
1302 1839 1827 1905 numerandum.
1928 1840 2031 1903 De
2057 1839 2309 1923 quibus
2334 1839 2615 1924 quidem

389 1944 626 2011 decem
701 1946 948 2011 marcis
1021 1966 1143 2029 per
1213 1965 1461 2010 manus
1537 1944 1775 2009 Rob’ti
1854 1943 2259 2009 Bramhowe
2331 1943 2609 2027 firmarii

389 2050 697 2117 eiusdem
769 2050 1112 2134 prebende
1183 2049 1485 2115 fatemur
1553 2069 1678 2113 nos
1750 2047 1839 2113 ad
1910 2068 2161 2112 manus
2232 2048 2321 2113 M.
2396 2047 2618 2130 Joh’is

389 2154 722 2220 Suthwell
791 2160 860 2218 et
930 2154 1018 2219 M.
1092 2154 1314 2237 Joh'is
1385 2153 1786 2217 Pakenham
1856 2151 2357 2217 Canonicorum
2429 2152 2618 2217 Resi-

387 2259 890 2324 denciariorum
942 2259 1124 2323 dicte
1177 2258 1452 2323 ecclesie
1507 2257 1649 2321 fore
1700 2257 1985 2331 solutOS,
2043 2258 2408 2341 ipsumque
2459 2278 2617 2322 con-

387 2362 674 2428 fratrem
717 2369 1030 2427 nostrum
1072 2361 1600 2446 prebendarium
1644 2361 1730 2426 de
1774 2360 2109 2445 Stodelay
2153 2361 2481 2426 antedict.
2528 2362 2617 2425 ab

389 2467 696 2533 vlteriori
729 2467 989 2531 clameo
1020 2467 1128 2531 vel
1161 2466 1588 2551 prestacione
1622 2464 2016 2530 huiusmodi
2050 2486 2239 2550 cape,
2273 2473 2617 2550 quantum

390 2572 479 2637 ad
513 2592 639 2637 nos
673 2572 950 2647 attinet,
987 2591 1439 2636 exoneramus
1472 2576 1542 2634 et
1578 2570 2060 2654 acquietamus
2093 2589 2214 2653 per
2246 2576 2613 2654 presentes,

389 2676 554 2742 Dat.
591 2677 722 2741 sub
755 2676 875 2761 sig.
914 2697 980 2740 n.
1018 2675 1366 2741 communi
1401 2674 1492 2739 ad
1525 2693 1770 2738 causas
1808 2674 2191 2758 penultimo
2225 2674 2334 2738 die
2366 2676 2618 2740 mensis

389 2780 686 2866 Augusti
720 2780 923 2845 Anno
960 2780 1121 2844 D'ni
1158 2780 1442 2843 Mill'mo
1476 2778 2162 2863 quadringentesimo
2196 2780 2618 2864 sexagesimo

389 2885 706 2971 septimo,

852 3015 1028 3096 (335)
1082 3011 1524 3077 CoNS1M1LEs
1571 3012 2152 3090 ACQmETANclE.

566 3156 658 3219 Et
708 3153 1092 3220 consimiles
1140 3153 1611 3238 acquietancie
1661 3152 1978 3217 exierunt
2030 3152 2194 3217 d'no
2245 3152 2615 3237 Radulpho

391 3260 700 3345 Langlay
748 3264 818 3324 et
870 3258 1033 3323 d'no
1082 3258 1343 3322 Thome
1393 3257 1646 3333 Buthe‚
1699 3256 2061 3322 Canonicis
2111 3257 2614 3341 prebendarum

387 3363 778 3429 Gevendale
816 3369 886 3427 et
925 3362 1248 3446 Nunwyk
1285 3382 1409 3447 pro
1445 3382 1540 3426 xx
1577 3361 1829 3425 marcis
1866 3380 1989 3445 per
2026 3361 2209 3445 ipsos
2245 3361 2489 3426 solutis
2524 3362 2613 3426 ad

385 3468 812 3553 empcionem
861 3466 1321 3531 consimilium
1371 3485 1701 3550 caparum
1757 3466 2243 3550 preciosarum,
2292 3466 2611 3530 videlicet

383 3574 661 3658 vtrique
698 3592 934 3638 eorum
972 3591 1096 3657 pro
1133 3592 1178 3635 x
1215 3570 1483 3636 marcis,

385 3752 561 3837 (336)
668 3752 1131 3817 AucromrAs
1233 3766 1777 3815 εοιΕΜΝῙΖΑΝυι
1882 3749 2423 3815 MATRIMONIUM
2526 3767 2603 3815 IN

468 3872 814 3922 ECCLESIA
863 3872 1286 3920 FORINSECA.

555 3997 953 4082 Capitulum
995 3996 1270 4061 ecclesie
1310 3995 1460 4061 coll.
1507 3997 1572 4061 b.
1619 3996 1806 4061 Petri
1850 3995 2100 4081 Ripon’
2144 3996 2400 4062 vicario
2441 3998 2599 4063 eccl.

2772 898 2921 957 1467,

2716 966 2855 1026 Aug.
2886 977 2971 1023 29.

2760 4016 2907 4076 1467.

378 4101 788 4188 parochialis
826 4101 912 4166 de
954 4100 1250 4185 Kyrkby
1281 4120 1486 4185 super
1525 4101 1732 4176 More,
1767 4100 2083 4166 salutem.
2199 4101 2293 4165 Vt
2332 4100 2403 4165 in
2442 4102 2599 4167 eccl.
2701 4080 2827 4130 Oet.
2859 4096 2941 4142 24-

379 4214 502 4274 tua
566 4204 940 4290 parochiali
1006 4205 1525 4271 Matrimonium
1592 4205 1773 4269 inter
1835 4204 2251 4269 Willelmum
2314 4204 2605 4290 Cunyng

377 4312 462 4377 de
538 4310 1062 4386 Hundburton,¹
1130 4310 1625 4393 parochianum
1689 4309 1774 4373 de
1836 4308 2257 4393 Aldburghe‚
2321 4329 2406 4373 ex
2467 4330 2603 4374 vna

379 4421 602 4501 parte,
643 4422 714 4480 et
760 4414 1218 4500 Margaretam
1261 4413 1473 4478 filiam
1525 4412 1701 4478 Ric’i
1747 4412 2073 4477 Redhede
2119 4413 2203 4477 de
2251 4412 2604 4489 Mulwath,

522 4573 538 4597 ¹
579 4568 957 4625 Humberton,
988 4580 1112 4617 now
1138 4568 1195 4614 in
1221 4566 1318 4615 the
1345 4566 1534 4633 parish
1561 4566 1621 4615 of
1652 4564 2254 4631 Kirkby-on-the-Hill.
