3217 5117
1121 476 1317 541 AcTs
1366 495 1458 542 oF
1506 476 1887 541 CHAPTER.
2574 490 2609 556 7

570 651 616 715 ‘a'
709 650 816 714 Ad
912 651 1056 725 hec,
1146 666 1215 714 vt
1294 649 1533 734 prefati
1614 650 1901 715 ecclesie
1986 650 2447 715 deseruitores
2528 670 2609 713 ac
2706 654 3001 730 Fit-gnarum

400 750 692 815 ministri
728 750 957 815 officio
988 751 1178 833 quod
1222 750 1370 815 suis
1415 765 1789 815 assumunt
1838 749 2147 814 humeris
2197 748 2608 832 portabilius
2637 721 3035 833 ξῗζτῗζζοαῖῗζῖ

395 850 535 914 sint
557 850 839 923 astricti,
873 871 956 914 ne
982 864 1310 915 extranea
1334 850 1466 915 sibi
1492 864 1787 933 querant
1814 849 2117 934 vagandi
2143 847 2599 933 subterfugia,
2640 850 2849 963 Riva'von'
2886 866 3035 943 ‘pfo-

397 951 722 1014 volumus
798 972 878 1014 ac
948 950 1356 1014 ordinamus
1420 964 1492 1013 vt
1559 950 1793 1014 nullus
1854 949 2257 1014 deseruiens
2322 948 2387 1011 in
2458 948 2608 1031 ipsa
2636 917 2973 1044 ἓζρῗὲξῖὥ

392 1049 684 1113 ecclesia
739 1048 1006 1113 firmam
1066 1050 1376 1133 aliquam
1431 1050 1515 1114 de
1565 1062 1804 1133 ,cetero
1864 1049 2162 1132 recipere
2228 1060 2601 1132 presumat,

391 1149 578 1231 quod
629 1149 686 1213 si
753 1150 924 1213 tales
982 1150 1449 1225 inueniantur,
1505 1162 1626 1213 aut
1690 1150 1860 1232 ipsis
1924 1148 2143 1212 firmis
2200 1147 2377 1211 infra
2430 1148 2608 1212 duos

396 1270 670 1313 menses
706 1262 1074 1331 postquam
1126 1249 1435 1334 legitime
1489 1249 1728 1313 moniti
1782 1248 2036 1313 fuerint
2085 1247 2599 1323 renuncientur,

391 1362 512 1413 aut
547 1348 768 1431 ipsius
799 1349 1086 1413 ecclesie
1119 1349 1492 1413 seruicium
1530 1349 1872 1412 amittant.

566 1509 590 1540 ⁸
709 1509 1025 1574 Preterea
1115 1513 1444 1575 volumus
1537 1522 1602 1575 et
1694 1510 2103 1574 ordinamus
2198 1522 2269 1573 ut
2362 1508 2601 1593 prefati
2684 1546 3033 1594 Habitstobe

391 1609 760 1692 capellani,
813 1608 1112 1685 diaconi,
1167 1624 1233 1673 et
1283 1610 1694 1674 subdiaconi
1757 1610 1823 1673 in
1877 1610 2168 1673 ecclesia
2228 1621 2606 1673 memorata
2636 1627 2784 1659 worn
2834 1611 2883 1660 in
2943 1612 3033 1659 the

391 1709 512 1791 qui
580 1729 698 1791 per
763 1708 982 1791 ipsam
1049 1710 1284 1773 villam
1361 1710 1641 1794 Rypon'
1697 1708 2009 1774 infirmos
2066 1708 2431 1784 visitaturi,
2487 1722 2607 1771 aut
2634 1677 3033 1805 {fffflssngwffffl

389 1808 582 1872 aliud
633 1807 934 1872 officium
995 1809 1180 1891 quod
1235 1810 1336 1873 eis
1389 1810 1729 1874 incumbit
1777 1809 2152 1886 executuri,
2210 1808 2606 1872 incedentes
2635 1808 2771 1863 ⁸³⁶¹<-
2814 1817 2945 1903 eje-3

393 1907 704 1971 habitum
756 1907 1067 1972 deferant
1113 1922 1547 1979 consuetum,
1603 1909 1866 1973 scilicet
1908 1908 2489 1992 superpelliceum
2541 1922 2607 1971 et
2635 1874 3034 2001 3222e¹22,d⁵⁰r'

390 2028 660 2090 capam.
766 2006 1207 2071 Infirmorum
1265 2029 1428 2073 vero
1479 2009 1871 2073 visitatores
1921 2029 2041 2091 per
2090 2008 2311 2091 ipsam
2366 2008 2603 2070 villam
2636 2002 2951 2116 cqpffobasl‘fl
3000 2068 3035 2116 d

392 2127 550 2171 cum
631 2106 880 2171 clerico
961 2107 1024 2169 in
1109 2107 1370 2185 habitu,
1441 2128 1784 2192 campana
1853 2119 1919 2171 et
1983 2108 2262 2172 lucerna
2324 2107 2605 2171 ardente
2635 2076 2865 2191 mitent:
2893 2086 3001 2183 ³⁸:12

397 2206 948 2289 precedentibus,
989 2207 1276 2271 honeste
1308 2228 1389 2270 ac
1422 2228 1578 2270 cum
1615 2207 1805 2271 omni
1852 2208 2247 2271 reuerencia
2296 2205 2608 2271 deferant
2634 2216 2670 2313 ᾗ
2694 2200 2845 2313 εὲῗῖι(
2871 2199 2921 2248 ³¹¹

395 2306 672 2389 Corpus
735 2304 900 2388 xpi.
1031 2305 1244 2369 Extra
1301 2328 1464 2371 vero
1520 2306 1755 2370 villam
1819 2305 2132 2371 infirmos
2190 2307 2481 2371 visitans
2539 2307 2605 2369 in
2674 2282 2707 2313 a
2751 2281 2808 2313 ι’

403 2405 641 2470 habitu
698 2406 964 2471 decenti
1019 2406 1344 2471 incedens
1392 2428 1548 2470 cum
1606 2408 1857 2471 clerico
1904 2408 1971 2487 (3
1998 2410 2093 2485 v.)
2148 2420 2215 2471 et
2268 2427 2611 2490 campana

399 2504 605 2569 officii
675 2505 781 2570 sui
862 2506 1168 2578 debitum
1251 2506 1500 2571 deuote
1569 2520 1966 2589 exequetur.
2116 2507 2181 2570 Is
2260 2526 2424 2571 vero
2501 2507 2607 2570 cui

403 2604 740 2687 prefatum
779 2604 1206 2670 visitacionis
1243 2606 1582 2671 incumbit
1616 2606 2100 2682 ministerium,
2144 2606 2210 2669 in
2258 2627 2422 2671 casu
2472 2626 2613 2688 quo

402 2726 648 2769 vacare
729 2725 862 2768 non
933 2718 1175 2788 potest,
1249 2706 1476 2789 ipsum
1549 2707 1719 2770 nulli
1789 2707 1917 2771 nisi
1982 2706 2187 2771 alicui
2253 2706 2337 2771 de
2399 2705 2612 2770 choro

399 2804 830 2869 committere
866 2818 1240 2887 presumat.
1341 2805 1480 2891 Qui
1520 2826 1682 2870 vero
1721 2806 1783 2868 in
1822 2806 2060 2888 aliquo
2111 2806 2609 2889 premissorum

405 2904 764 2989 necligens
828 2904 1224 2969 inueniatur
1285 2926 1406 2969 seu
1479 2906 1830 2979 remissus,
1905 2905 1967 2967 in
2049 2906 2354 2987 capitulo
2434 2925 2614 2987 pena

399 3004 756 3087 condigna
793 3004 1139 3083 puniatur.

571 3165 598 3197 ⁸
715 3166 908 3241 Item,
978 3166 1144 3247 quia
1211 3166 1406 3231 decet
1473 3166 1602 3229 Dei
1673 3166 2026 3230 ministros
2090 3180 2369 3230 sanctos
2430 3188 2603 3242 esse,
2710 3183 2857 3231 Nona
2901 3184 3041 3233 hanc

399 3264 670 3329 dicente
723 3264 1055 3341 DominO,
1113 3266 1348 3329 Sancti
1407 3280 1647 3343 estote,
1710 3266 1875 3348 quia
1922 3287 2059 3349 ego
2114 3281 2397 3329 sanctus
2453 3287 2606 3329 sum
2640 3250 3041 3362 [ἶὲἑὶῗῖιῇῗὶᾎῇ-

399 3377 523 3429 etc.
608 3386 690 3428 ac
770 3364 1022 3428 nedum
1099 3386 1142 3427 a
1222 3366 1406 3429 malo
1483 3366 1602 3430 sed
1685 3367 1774 3429 ab
1850 3366 2041 3429 omni
2121 3365 2352 3448 specie
2429 3367 2611 3429 mala
2640 3390 2753 3427 tros
2780 3352 3001 3442 vagos(

397 3464 888 3529 abstinendum
969 3464 1079 3540 sit,
1167 3466 1566 3529 memoratis
1643 3465 1929 3529 ecclesie
2001 3464 2455 3529 servitoribus
2531 3486 2611 3529 ac

401 3563 738 3627 ministris
829 3565 1174 3637 tabernas,
1276 3565 1645 3628 inhonesta
1754 3564 2118 3627 mulierum
2223 3566 2603 3639 consorcia,
2706 3580 2913 3654 contra

395 3664 796 3746 spectacula
881 3662 1178 3745 publica,
1273 3664 1473 3728 ludos
1560 3663 1989 3739 inhonestos,
2075 3685 2156 3727 ac
2238 3665 2377 3727 alia
2463 3665 2611 3728 loca
2640 3646 2905 3693 ebf¹⁰⁸⁰⁵·

395 3773 742 3845 suspecta,
782 3784 864 3825 ex
906 3762 1164 3844 quibus
1203 3763 1611 3826 scandalum
1663 3763 1823 3826 oriri
1878 3763 2123 3845 poterit
2174 3764 2238 3826 in
2290 3764 2603 3837 ecclesia,

393 3876 517 3925 aut
597 3875 971 3926 nocturnas
1035 3862 1480 3946 vagacioneS,
1553 3863 1875 3945 precipue
1956 3877 2109 3945 post
2189 3862 2605 3948 ignitegium

395 3963 774 4045 pulsatum,
839 3961 1115 4043 penitus
1171 3961 1667 4026 interdicimus.
1769 3962 1842 4025 si
1909 3962 2067 4044 quis
2126 3984 2288 4026 vero
2336 3976 2604 4026 contra·
2708 3976 2984 4052 Notade·

394 4061 634 4125 venire
681 4061 1198 4143 presumpserit,
1255 4062 1618 4125 conuictus
1670 4062 1893 4144 primo
1940 4062 2321 4126 seeundum
2373 4062 2599 4126 delicti
2634 4050 3005 4103 9⁸¹¹‘²⁸‘²²¹²¹⁸'·

391 4162 824 4245 qualitatem,
875 4180 994 4243 per
1035 4160 1414 4243 capitulum
1468 4161 1815 4243 puniatur,
1862 4161 2169 4225 secundo
2212 4162 2596 4235 conuictus,
2700 4172 3007 4247 Capitulum»

383 4262 584 4347 juxta
641 4260 828 4343 quod
893 4260 1109 4323 creuit
1169 4260 1629 4335 contumacia,
1700 4275 1959 4324 crescat
2020 4274 2085 4324 et
2150 4282 2327 4343 pena
2387 4262 2607 4325 delin-
2633 4246 2835 4299 pumat.

389 4360 690 4445 quentis.
832 4360 1082 4422 Iterato
1161 4380 1322 4423 vero
1398 4360 1762 4423 conuictus
1840 4360 2125 4424 vlterius
2202 4374 2381 4424 stare
2464 4381 2599 4423 non

396 4461 832 4547 permittatur
883 4459 1038 4537 nisi,
1093 4459 1526 4524 correccione
1573 4458 1994 4524 sufficienter
2042 4458 2239 4536 facta,
2286 4460 2471 4543 quod
2521 4461 2605 4524 de
