3217 5117
176 1464 383 1512 1432-3.

169 1518 375 1581 Jan.2.

164 3370 374 3419 1432·3·

163 3424 368 3487 Jan.3.

505 461 634 527 204
1071 446 1228 511 Tne
1280 446 1590 512 Ine-rra?
1640 446 2132 513 MANthcmPT.

503 624 886 701 salubriter,
917 632 1266 692 annuente
1294 626 1615 703 Domine,
1646 628 1715 693 in
1738 626 1867 692 hoc
1885 648 2048 691 casu
2072 626 2279 692 fuerit
2298 627 2696 693 ordinatum

503 728 746 793 Valeat
808 736 1040 794 vestra
1101 731 1498 795 fraternitas
1559 752 1681 815 per
1740 737 2053 815 tempora
2112 731 2437 816 longiora.
2532 732 2721 796 Data

502 832 570 897 in
622 832 830 897 domo
878 840 1116 899 nostra
1163 834 1540 918 Capitulari
1588 835 1701 899 die
1750 836 1977 901 saboti
2026 835 2345 901 videlicet
2396 836 2721 901 vicesimo

503 937 724 1022 primo
773 938 882 1003 die
933 940 1184 1003 mensis
1233 939 1424 1023 Junij
1481 960 1665 1005 anno
1717 940 1877 1005 D'ni
1930 940 2213 1005 Mill’mo
2262 940 2721 1025 quadringen-

502 1042 748 1108 tesimo
785 1044 1108 1109 vicesimo
1143 1044 1458 1129 septimo,
1499 1050 1608 1109 etc.

905 1259 1080 1342 (290)
1133 1258 1354 1323 COPIA
1401 1275 1877 1325 mnucmoms
1924 1258 2315 1326 CANTARIE.

677 1436 1014 1502 Nouerint
1052 1438 1350 1503 vniuersi
1389 1458 1512 1523 per
1547 1445 1895 1523 presentes
1932 1439 2120 1523 quod
2158 1460 2281 1503 nos
2319 1439 2715 1523 Capitulum

499 1542 774 1606 ecclesie
837 1541 1206 1627 Collegiate
1268 1543 1454 1607 beati
1522 1543 1705 1608 Petri
1774 1542 2045 1627 Rypon’
2110 1544 2318 1609 Ebor.
2387 1544 2559 1609 dioc,
2626 1544 2717 1609 ad

497 1646 882 1711 cantariam
927 1654 1332 1731 perpetuam
1377 1648 1580 1712 beate
1626 1646 1835 1711 Marie
1880 1647 2175 1732 Virginis
2218 1648 2302 1712 de
2348 1648 2597 1732 Ripon'
2643 1648 2715 1713 in

499 1750 1056 1836 Staynbryggate
1120 1771 1242 1836 per
1305 1751 1838 1836 resignacionem
1904 1750 2045 1816 d’ni
2113 1752 2350 1816 Rob'ti
2418 1753 2717 1837 Rukeby

498 1854 724 1919 vltimi
771 1854 1118 1939 Capellani
1165 1856 1469 1921 eiusdem
1516 1855 1836 1921 Cantarie
1875 1862 2262 1931 vacantem,
2297 1878 2432 1942 que
2478 1863 2583 1923 est
2629 1858 2717 1923 de

497 1964 874 2043 patronatu
949 1958 1226 2024 Will’mi
1304 1960 1603 2045 Ingylby
1677 1960 1761 2025 de
1838 1960 2136 2045 Ryplay,
2200 1961 2393 2027 d’nm
2459 1961 2715 2028 Will'm

498 2063 777 2147 Speton,
870 2063 1335 2148 Capellanum,
1415 2064 1503 2129 ad
1594 2064 1883 2129 eandem
1960 2066 2341 2131 cantariam
2414 2066 2715 2151 legitime

497 2173 970 2249 presentatum
1001 2167 1423 2243 admisimus
1458 2190 1538 2233 ac
1571 2169 1795 2252 ipsum
1827 2168 2271 2253 Capellanum
2302 2177 2713 2254 perpetuum

497 2269 924 2335 instituimus
989 2272 1316 2337 canonice
1385 2272 1454 2337 in
1522 2273 1763 2337 eadem
1832 2273 1901 2337 in
1970 2273 2192 2338 forma
2258 2273 2714 2341 ordinacionis

497 2374 799 2439 eiusdem
872 2376 1176 2441 cantarie
1253 2376 1452 2453 facte,
1530 2398 1609 2441 ac
1683 2377 1976 2441 eundem
2050 2378 2241 2442 d’nm
2314 2378 2570 2444 Will'm
2642 2379 2715 2444 in

496 2480 917 2563 corporalem
956 2480 1452 2564 possessionem
1492 2480 1676 2545 dicte
1716 2480 2035 2545 Cantarie
2075 2502 2233 2547 cum
2272 2483 2413 2548 suis
2453 2484 2715 2549 iuribus

497 2590 565 2647 et
607 2583 1049 2668 pertinencijs
1090 2584 1424 2649 Vniuersis
1465 2584 1863 2650 induximus
1904 2586 1972 2650 in
2015 2586 2275 2652 eadem.
2398 2587 2479 2652 In
2518 2588 2713 2654 cuius

496 2688 588 2751 rei
658 2688 1132 2752 testimonium
1195 2688 1491 2774 sigillum
1557 2688 1757 2773 officij
1830 2688 2045 2754 nostri
2112 2692 2542 2775 presentibus
2606 2699 2710 2758 est

495 2812 896 2877 appensum.
992 2793 1180 2857 Data
1217 2792 1286 2857 in
1320 2792 1526 2857 domo
1569 2800 1809 2858 nostra
1851 2793 2213 2878 capitulari
2256 2795 2557 2861 secundo
2600 2796 2710 2862 die

497 2897 745 2961 mensis
814 2896 1124 2980 Januarij
1200 2897 1403 2961 Anno
1474 2897 1635 2961 D'ni
1706 2896 2013 2963 Mill'imo
2081 2910 2310 2964 ccccmo
2367 2900 2709 2967 tricesimo

495 3001 816 3067 secundo,

494 3187 592 3256 73.
921 3180 1095 3264 (291)
1147 3180 1370 3245 ComA
1415 3197 1889 3245 monceloms
1937 3182 2264 3249 VICARIE.

583 3346 930 3411 Vniuersis
977 3346 1094 3431 xpi
1143 3346 1457 3411 fidelibus
1503 3354 1743 3431 pateat
1790 3368 1910 3433 per
1956 3355 2304 3433 presentes
2349 3350 2537 3435 quod
2582 3372 2709 3416 nos

493 3450 890 3535 Capitulum
955 3451 1113 3516 eccl.
1185 3450 1348 3516 Coll.
1421 3452 1606 3516 beati
1676 3452 1859 3517 Petri
1930 3453 2180 3538 Ripon’
2252 3455 2456 3520 Ebor.
2526 3456 2700 3521 dioc.

491 3555 683 3619 d'nm
704 3554 959 3620 Will’m
987 3554 1260 3630 Bedale,
1289 3554 1754 3640 Capellanum,
1780 3556 1868 3620 ad
1889 3557 2217 3622 vicariam
2242 3558 2701 3625 Canonicatus

492 3659 834 3744 prebende
896 3660 980 3724 de
1043 3659 1378 3724 Monkton
1440 3660 1510 3723 in
1572 3660 1853 3725 ecclesia
1918 3660 2166 3746 Ripon'
2231 3663 2515 3747 predict.
2580 3685 2702 3749 per

491 3763 1022 3850 resignacionem
1072 3764 1212 3828 d’ni
1265 3763 1470 3828 Will'i
1521 3764 1780 3849 Speton
1831 3766 2057 3830 vltimi
2107 3768 2339 3853 vicarij
2396 3768 2699 3834 eiusdem

491 3875 856 3933 vacantem
917 3874 986 3931 et
1048 3868 1136 3932 ad
1196 3869 1782 3952 presentacionem
1839 3870 2077 3955 Mag’ri
2132 3871 2390 3937 Thome
2440 3872 2696 3957 Bryan,

491 3972 811 4037 Canonici
894 3972 1050 4037 eccl.
1135 3971 1438 4055 predicte
1518 3994 1598 4037 ac
1678 3974 2107 4058 prebendarij
2194 3978 2534 4060 prebende
2612 3978 2699 4043 de

493 4075 828 4141 Monkton
865 4076 934 4140 in
959 4076 1219 4151 eadem,
1247 4096 1405 4140 vere
1429 4076 1734 4141 eiusdem
1760 4078 2010 4142 vicarie
2047 4081 2341 4164 patroni,
2374 4083 2699 4147 canonice

489 4181 910 4255 admisimuS,
975 4202 1055 4245 ac
1115 4181 1340 4265 ipsum
1402 4180 1594 4245 d’nm
1658 4181 1912 4247 Will'm
1976 4182 2229 4248 Bedale
2290 4193 2697 4271 perpetuum

488 4285 821 4350 vicarium
874 4283 942 4347 in
997 4284 1218 4347 forma
1269 4285 1788 4350 constitucionis
1835 4286 2041 4371 legati
2088 4308 2293 4372 super
2336 4290 2462 4354 hoc
2514 4290 2701 4355 edite

487 4390 809 4455 canonice
863 4387 1308 4463 instituimus
1367 4388 1729 4473 ipsumque
1784 4390 1853 4453 in
1905 4391 2326 4475 corporalem
2381 4396 2700 4477 possaesi-

487 4515 689 4560 onem
765 4494 947 4559 dicte
1022 4492 1272 4558 vicarie
1349 4492 1768 4571 induximus,
1846 4516 2005 4559 cum
2078 4496 2218 4561 suis
2294 4497 2551 4563 iuribus
2627 4506 2699 4565 et
