3217 5117
1167 457 1357 524 Αοτ5
1402 474 1493 523 or
1540 456 1900 524 Cium-ER.
2522 435 2650 538 259

424 637 784 724 arreragiis
823 638 1111 723 predicti
1152 637 1367 703 annui
1406 636 1718 702 redditus
1756 636 1992 702 decem
2031 656 2418 703 marcarum
2457 641 2526 700 et
2566 635 2652 698 de

423 743 613 808 dicta
679 764 951 808 summa
1018 743 1485 828 quadraginta
1551 740 1926 806 solidorum
1994 742 2271 807 nomine
2339 761 2510 825 pene
2579 741 2648 805 in

425 848 646 914 forma
705 849 1016 934 predicta
1072 868 1396 912 concessa
1455 847 1758 931 plenarie
1817 847 2022 912 fuerit
2083 845 2516 911 satisfactum
2579 851 2646 909 et

425 953 849 1036 persolutum
888 953 977 1018 ad
1014 951 1231 1017 altare
1268 952 1680 1034 predictum.

606 1100 702 1164 Et
736 1097 797 1163 si
835 1115 970 1162 nos
1006 1096 1274 1162 dictum
1307 1093 1704 1178 Capitulum
1738 1096 2175 1170 voluerimuS,
2210 1114 2329 1159 seu
2361 1113 2538 1159 suco.
2575 1114 2642 1158 n.
2686 1080 2872 1196 wffiffi
2901 1080 3057 1195 {hgw

424 1200 769 1267 voluerint
806 1199 873 1264 in
909 1199 1224 1263 futurum
1257 1198 1509 1264 habere
1543 1197 1810 1262 dictum
1843 1199 2172 1283 scriptam
2205 1199 2646 1263 indentatum
2674 1214 2742 1262 be
2762 1163 3010 1263 rengis-e&
3035 1215 3075 1262 if

426 1311 835 1372 renouatum
878 1309 947 1368 et
985 1304 1070 1368 de
1107 1324 1291 1368 nouo
1329 1302 1705 1388 sigillatum
1742 1309 2025 1388 propter
2059 1303 2488 1368 debilitatem
2527 1322 2647 1366 seu
2723 1295 3030 1344 necessary,

428 1411 635 1476 aliam
682 1428 963 1474 causam
1013 1407 1466 1472 necessariam
1515 1428 2024 1493 quamcunque,
2077 1409 2361 1492 predict.
2416 1407 2524 1473 Pr.
2579 1413 2646 1472 et

430 1517 647 1581 Conu.
690 1534 814 1600 pro
851 1534 921 1578 se
969 1519 1039 1577 et
1086 1533 1264 1578 succ.
1306 1533 1358 1578 5.
1402 1519 1883 1578 concesserunt
1922 1533 2043 1597 per
2087 1512 2269 1577 idem
2313 1513 2649 1598 scriptum

426 1641 651 1694 suum,
701 1617 869 1683 illud
916 1617 1253 1702 scriptum
1300 1638 1652 1694 renouare,
1705 1625 1773 1683 et
1822 1618 1908 1683 de
1953 1639 2137 1684 nouo
2183 1639 2304 1703 per
2350 1619 2532 1703 ipsos
2578 1625 2647 1682 et

428 1744 606 1789 succ,
644 1741 803 1787 suos
837 1721 1127 1806 sigillare
1160 1741 1366 1806 super
1398 1720 1635 1788 debita
1669 1729 1739 1788 et
1773 1723 2168 1789 racionabili
2204 1723 2648 1808 requisicione

430 1849 551 1914 per
586 1847 713 1892 nos
751 1826 997 1911 prefat.
1040 1825 1155 1891 Ca.
1198 1833 1266 1891 et
1306 1846 1485 1892 suco.
1528 1827 1712 1892 n'ros
1750 1827 1878 1892 sibi
1918 1829 2105 1893 facta
2143 1828 2286 1893 siue
2325 1828 2392 1894 in
2434 1828 2644 1894 futur.

434 1931 771 1998 facienda.

605 2059 704 2122 Et
771 2057 1068 2122 vlterius
1144 2060 1313 2145 pref.
1380 2060 1489 2126 Pr.
1555 2065 1625 2125 et
1687 2058 1900 2125 Conu.
1967 2061 2055 2124 ad
2117 2061 2242 2125 hec
2293 2059 2525 2126 omnia
2577 2067 2647 2125 et
2675 2067 2785 2114 and
2820 2067 2945 2116 that
2981 2067 3078 2115 the

426 2166 695 2252 singula
758 2167 1050 2231 fideliter
1115 2163 1547 2230 obseruanda
1613 2185 1735 2250 per
1799 2165 1979 2229 idem
2045 2166 2380 2250 scriptum
2444 2186 2646 2231 suum
2675 2133 3076 2264 haggnggffied

426 2271 817 2356 obligarunt
864 2290 934 2335 se
986 2275 1056 2334 et
1106 2290 1285 2334 succ.
1331 2289 1383 2334 5.
1434 2269 1795 2354 imperp’m
1848 2271 2234 2335 iuramento
2285 2271 2642 2356 religionis,
2711 2267 3043 2317 themselves

428 2382 631 2460 prout
669 2376 740 2441 in
777 2376 1017 2441 eodem
1054 2374 1313 2458 scripto
1350 2373 1716 2438 indentato
1752 2375 1910 2439 inde
1950 2374 2135 2440 facto
2172 2374 2371 2460 plene
2405 2375 2642 2460 liquet.
2744 2335 2819 2398 by
2851 2335 3004 2390 nath,

600 2515 862 2581 Sciatis
897 2532 1031 2578 nos
1062 2515 1230 2602 pref.
1260 2515 1481 2600 Capit.
1510 2536 1636 2600 pro
1661 2517 1858 2581 nobis
1883 2524 1952 2581 et
1983 2538 2161 2582 succ.
2191 2539 2256 2582 n.
2286 2517 2648 2583 tradidisse
2715 2507 2860 2622 effe
2877 2507 2992 2622 tthe
3023 2575 3042 2622 f

424 2630 494 2687 et
547 2621 955 2687 concessisse
1009 2640 1132 2705 per
1193 2625 1543 2705 presentes
1608 2620 1906 2685 Ricardo
1971 2621 2212 2698 LucaS,
2279 2621 2646 2707 Capellano
2699 2588 2884 2705 R‘ipffi
2902 2589 3054 2690 latagi·

426 2727 743 2792 Cantarie
775 2725 861 2791 M.
895 2725 1117 2808 Joh’is
1146 2725 1436 2790 Sendale
1466 2725 1535 2789 in
1565 2723 1723 2788 eccl.
1758 2723 1920 2788 Coll.
1955 2723 2039 2788 de
2073 2724 2324 2809 Ripon'
2357 2725 2642 2810 predict.
2697 2709 3054 2823 ἕᾯζξξζῑηξέἷθ

426 2838 495 2896 et
532 2851 711 2898 succ,
753 2851 805 2895 5.
847 2831 1209 2914 imperp'm
1248 2828 1638 2915 predictum
1677 2848 1984 2893 annuum
2024 2829 2374 2894 redditum
2413 2829 2648 2894 decern
2711 2845 2833 2890 rent
2859 2842 3036 2890 often

426 2955 813 3000 marcarum
847 2935 935 2999 ad
968 2934 1279 3019 predicta
1312 2934 1489 2998 festa
1525 2933 1965 2997 Pentecostes
1998 2938 2067 2998 et
2101 2933 2333 2999 Sancti
2370 2934 2646 3000 Martini
2735 2908 3018 3023 ξζῗῇῗξιζῖζ

426 3041 496 3105 in
549 3060 746 3124 yeme
799 3040 909 3104 vel
964 3039 1142 3104 infra
1197 3060 1413 3105 vnum
1466 3058 1773 3104 mensem
1829 3058 2021 3123 prox.
2081 3044 2236 3123 post
2289 3038 2647 3124 quodlibet
2741 3041 3008 3104 Chantry.

429 3145 683 3209 festum
741 3144 937 3210 Pent.
999 3152 1068 3209 et
1128 3144 1260 3209 S'ci
1319 3143 1519 3208 Mart.
1581 3144 1651 3208 in
1711 3163 1909 3227 yeme
1966 3144 2158 3228 equis
2214 3144 2650 3228 porcionibus

428 3250 791 3315 annuatim
831 3250 918 3314 ad
959 3270 1307 3314 summum
1348 3249 1565 3313 altare
1604 3247 1992 3332 predictum
2032 3247 2100 3312 in
2141 3246 2451 3331 predicta
2489 3248 2647 3314 eccl.

426 3353 577 3418 coll.
626 3353 711 3418 de
760 3354 1034 3438 Ripon’,
1080 3352 1166 3418 de
1212 3351 1499 3438 predict.
1550 3352 1780 3416 Priore
1829 3358 1898 3416 et
1946 3352 2309 3418 Conuentu
2355 3359 2424 3417 et
2471 3375 2649 3419 succ.

426 3479 480 3524 5.
530 3459 1042 3544 imperpetuum
1092 3458 1387 3524 habend.
1441 3463 1509 3522 et
1566 3455 1979 3541 percipiend.
2032 3455 2295 3521 dictum
2346 3476 2652 3522 annuum

428 3563 779 3630 redditum
808 3565 1045 3629 decem
1072 3583 1459 3628 marcarum
1487 3561 1971 3646 sterlingorum
1999 3561 2068 3626 in
2096 3562 2319 3626 forma
2345 3561 2653 3646 predicta

430 3668 701 3753 prefato
734 3668 1101 3754 Capellano
1135 3667 1454 3733 Cantarie
1494 3667 1800 3752 predicte
1839 3672 1909 3730 et
1941 3685 2120 3731 succ,
2155 3685 2208 3732 s.
2245 3665 2330 3730 de
2370 3667 2654 3751 prefatis

433 3773 664 3838 Priore
700 3780 768 3838 et
805 3773 1167 3838 Conuentu
1204 3778 1274 3837 et
1308 3793 1487 3836 succ.
1526 3791 1577 3836 s,
1619 3772 1687 3835 in
1723 3769 2274 3836 satisfaccionem
2310 3779 2652 3837 sustenta-

430 3871 643 3942 cionis
683 3897 824 3952 sue,
866 3877 937 3942 in
979 3876 1043 3942 li.
1089 3897 1236 3961 pur.
1281 3882 1350 3939 et
1391 3896 1579 3960 perp.
1625 3875 1730 3951 el.,
1775 3875 2302 3960 imperpetuum.

611 4021 708 4086 Et
778 4020 840 4085 si
907 4021 1281 4100 contingat
1361 4017 1550 4102 quod
1633 4018 1796 4083 dict.
1885 4018 1994 4083 Pr.
2080 4024 2151 4082 et
2234 4018 2444 4086 Conu.
2532 4041 2650 4085 seu
2793 4037 2964 4088 tfthe

432 4141 852 4188 successores
893 4121 998 4186 sui
1039 4120 1431 4198 defecerint,
1475 4129 1597 4187 aut
1636 4123 1882 4208 aliquis
1921 4143 2156 4189 eorum
2195 4124 2537 4201 defecerit,
2579 4126 2649 4191 in
2691 4102 3066 4235 fgnp‘g‘ss'ttfffl

431 4228 781 4292 solucione
834 4226 1124 4310 predicti
1181 4227 1391 4292 annui
1447 4227 1756 4291 redditus
1809 4226 2045 4292 decem
2101 4249 2486 4295 marcarum
2540 4230 2651 4294 vel
2679 4214 2948 4317 Chaplai'r}
2978 4217 3082 4290 ca'n

434 4333 721 4397 alicuius
754 4332 1045 4417 parcelle
1079 4331 1381 4397 eiusdem
1416 4333 1504 4397 ad
1542 4331 1718 4395 festa
1751 4331 2059 4415 predicta
2093 4337 2162 4397 et
2196 4352 2318 4417 per
2348 4334 2653 4418 quinque
2751 4305 3001 4365 dustram,

433 4436 859 4520 septimanas
923 4455 1116 4519 prox
1184 4443 1342 4520 post
1407 4434 1690 4520 aliquod
1754 4419 2010 4501 festum
2073 4437 2653 4520 prenominatum,

435 4547 693 4608 extunc
722 4541 849 4627 (91)
882 4541 1053 4604 bene
1079 4541 1281 4605 liceat
1308 4541 1578 4626 prefato
1604 4539 1976 4626 Capeliano
2000 4540 2321 4605 Cantarie
2351 4541 2658 4626 predicte
