3217 5117
570 431 698 500 254
1145 415 1304 481 ‘rma
1353 415 1669 481 INGILBY
1716 415 2210 481 MANthcmPT.

575 597 751 681 (351)
817 597 1091 662 LITERA
1137 611 1691 660 TESTIMONIALIS
1740 612 1970 659 SUPER
2016 611 2569 660 CELEBRAcloNE
2616 610 2796 657 MAT-

660 719 954 782 RIMONIJ
1016 717 1236 766 INTER
1298 701 1619 765 THOMAM
1684 700 2147 764 WATTERTON
2213 716 2305 763 Er
2366 699 2795 763 MARIORIAM

659 806 926 871 PYGOT.

221 1027 309 1064 m
318 1015 403 1061 6-1
748 949 1143 1034 Capitulum
1220 950 1400 1014 Eccl.
1467 949 1630 1015 Coll.
1695 951 2057 1014 beatorum
2121 949 2307 1012 Petri
2368 955 2437 1012 et
2498 947 2795 1013 Wilfridi

214 1068 340 1144 μη,
387 1025 468 1128 22,
574 1055 848 1139 Ripon’‚
929 1055 1135 1120 Ebor.
1212 1055 1410 1130 dioc‚,
1481 1055 1818 1119 vniuersis
1886 1054 2005 1138 xpi
2075 1053 2389 1118 fidelibus
2460 1052 2549 1117 ad
2620 1073 2794 1137 quos

570 1166 918 1244 presentes
941 1159 1134 1223 litere
1156 1165 1386 1224 nostre
1409 1158 1903 1224 testimoniales
1924 1158 2381 1242 peruenerint,
2406 1158 2701 1222 salutem
2722 1157 2794 1221 in

569 1264 750 1328 D’no
769 1265 1278 1348 sempiternam.
1345 1263 1516 1328 Cum
1536 1263 1629 1328 sit
1649 1263 1863 1349 pium,
1888 1262 2252 1339 laudabile,
2277 1267 2347 1326 et
2367 1262 2793 1327 meritorium

564 1369 934 1453 vnicuique
979 1369 1454 1433 testimonium
1501 1367 1783 1432 veritati
1829 1367 2204 1452 perhibere,
2254 1373 2324 1430 et
2372 1366 2672 1431 maxime
2720 1367 2789 1430 in

565 1473 699 1557 hijs
769 1493 902 1558 que
973 1473 1062 1537 ad
1133 1493 1393 1537 meram
1464 1472 1852 1538 animarum
1924 1472 2040 1556 xpi
2114 1471 2419 1536 fidelium
2490 1471 2787 1535 salutern

564 1584 882 1663 spectant
949 1577 1332 1653 manifeste,
1403 1577 1562 1641 hinc
1628 1583 1731 1641 est
1797 1576 1985 1661 quod
2052 1575 2489 1640 Vniuersitati
2555 1582 2783 1639 vestre

563 1683 1054 1748 innotescimus
1139 1702 1261 1767 per
1343 1687 1712 1766 presenteS,
1808 1681 1986 1765 Quia
2069 1700 2154 1744 ex
2242 1685 2439 1764 parte
2525 1680 2789 1744 Thome

564 1787 960 1852 Watterton
1005 1785 1120 1869 filij
1171 1792 1240 1850 et
1283 1785 1548 1850 heredis
1590 1784 1734 1849 d'ni
1780 1785 2017 1849 Rob'ti
2060 1784 2479 1859 Watterton,
2526 1784 2786 1858 militis,

564 1891 733 1957 dicti
797 1892 1002 1956 Ebor.
1070 1891 1355 1955 diocesis
1418 1890 1504 1954 de
1568 1890 1638 1954 in
1702 1897 1773 1954 et
1836 1909 2041 1973 super
2104 1889 2547 1953 Matrimonio
2610 1889 2792 1952 inter

565 1997 912 2082 prefatum
945 1997 1284 2060 Thomam
1317 1995 1716 2058 Watterton
1751 1999 1819 2058 et
1857 1993 2250 2058 Marioriam
2286 1993 2543 2078 Pygott
2578 1992 2793 2057 filiam

564 2108 634 2165 et
668 2121 880 2165 vnam
917 2099 1236 2164 heredem
1274 2099 1536 2163 Thome
1578 2098 1837 2184 Pygott
1874 2098 2188 2183 armigeri
2224 2118 2445 2181 nuper
2479 2096 2792 2162 defuncti

563 2205 1078 2289 solempnizatO,
1108 2203 1505 2288 diligentem
1532 2202 1819 2267 fecimus
1845 2201 2390 2287 inquisicionem,
2426 2222 2548 2286 per
2579 2222 2795 2286 quam

562 2309 842 2394 quidem
874 2307 1394 2393 inquisicionem
1425 2307 1817 2372 inuenimus
1848 2306 2367 2371 Matrimonium
2398 2298 2796 2370 huiusmodi

564 2414 771 2479 fuisse
837 2420 906 2477 et
974 2433 1117 2476 esse
1183 2412 1363 2476 inter
1428 2412 1779 2496 prefatum
1847 2411 2187 2476 Thomam
2255 2411 2652 2476 Watterton
2723 2416 2793 2474 et

566 2517 956 2582 Marioriam
1024 2517 1283 2602 Pygott
1349 2517 1415 2581 in
1485 2516 1667 2581 Eccl.
1739 2515 2115 2601 Collegiata
2179 2520 2417 2580 nostra
2482 2515 2795 2600 predicta

565 2622 868 2707 quadam
899 2621 1010 2686 die
1040 2621 1294 2685 mensis
1326 2621 1485 2704 Maij
1524 2621 1693 2685 hora
1722 2619 1919 2705 quasi
1952 2619 2217 2685 decima
2247 2625 2409 2684 ante
2439 2620 2793 2684 meridiem

564 2727 869 2791 eiusdem
914 2725 1067 2800 diei,
1105 2747 1288 2790 anno
1320 2726 1508 2810 regni
1557 2725 1763 2810 Regis
1808 2725 2087 2789 Henrici
2132 2723 2423 2808 Septimi
2466 2725 2796 2789 vicesimo

567 2831 798 2906 tercie,
835 2851 956 2914 per
986 2830 1436 2894 reuerendum
1469 2830 1538 2893 in
1572 2850 1713 2914 xpo
1752 2836 2023 2914 patrem
2063 2828 2255 2893 d’nm
2295 2829 2595 2912 Joh'em¹
2646 2828 2789 2910 (sic)

567 2936 628 3008 N
635 2934 1028 3021 egropontis
1064 2935 1506 3018 Episcopum,
1543 2955 1623 2998 ac
1662 2933 2237 2998 Reuerendissimi
2270 2933 2341 2997 in
2378 2932 2541 3017 Xpo
2576 2933 2796 3017 patris

567 3045 635 3104 et
683 3040 826 3104 d'ni
873 3037 1017 3103 d'ni
1063 3038 1325 3101 Thome
1373 3038 1655 3123 Savege,
1706 3043 1874 3101 tunc
1922 3037 2251 3121 temporis
2298 3037 2503 3101 Ebor.
2556 3035 2795 3101 Archi-

568 3144 863 3229 episcopi
950 3143 1482 3227 suffraganeum,
1564 3141 1715 3216 rite,
1790 3141 2081 3225 publice,
2169 3141 2633 3225 solempniter,
2720 3145 2794 3203 et

567 3247 936 3312 honorifice
983 3248 1406 3312 celebratum
1455 3252 1525 3309 et
1574 3246 2055 3310 indubitanter
2101 3245 2676 3329 solempnizatum
2722 3245 2797 3309 in

568 3352 916 3437 presencia
956 3372 1079 3436 pro
1117 3351 1359 3415 maiori
1399 3356 1597 3435 parte
1638 3351 1946 3415 omnium
1988 3349 2459 3415 ministrorum
2498 3349 2567 3413 in
2606 3349 2797 3414 dicta

573 3456 876 3522 Ecclesia
911 3463 1148 3520 nostra
1183 3454 1434 3520 cotidie
1470 3456 1708 3520 diuina
1743 3455 2315 3531 ministrancium,
2355 3475 2435 3519 ac
2470 3454 2689 3518 eciam
2728 3454 2796 3517 in

575 3561 921 3646 presencia
959 3560 1384 3624 diuersorum
1423 3559 1929 3624 honorabilium
1967 3559 2270 3624 virorum
2309 3565 2458 3623 tam
2494 3558 2797 3622 militum

184 3728 230 3773 A
258 3739 340 3772 we
341 3724 378 3772 <1
382 3723 514 3784 ding
575 3687 786 3751 quam
852 3665 1338 3750 armigerorum
1404 3671 1474 3728 et
1537 3684 2018 3748 generosorum
2084 3664 2247 3728 dict.
2317 3664 2522 3728 Ebor.
2591 3662 2795 3737 dice..

260 3799 316 3841 at
347 3791 442 3840 the
577 3791 842 3835 necnon
904 3770 1330 3834 diuersarum
1393 3774 1775 3832 ceterarum
1838 3770 2285 3832 honestarum
2349 3787 2797 3851 personarum

175 3860 532 3974 Πέιξζὲζὲζὲιγ
578 3875 666 3940 ad
722 3874 1007 3958 nupcias
1063 3872 1453 3937 huiusmodi
1509 3873 1987 3948 invitatarum,
2046 3873 2116 3936 in
2173 3891 2457 3936 numero
2513 3877 2797 3936 centum

209 3977 511 4041 amended?
577 3985 648 4044 et
715 3980 915 4044 ultra.
1014 3978 1095 4041 In
1162 3995 1456 4061 quorum
1523 3976 1833 4040 omnium
1900 3977 2383 4061 premissorum
2448 3975 2657 4040 fidem
2723 3982 2794 4039 et

578 4071 1052 4147 testimonium
1126 4080 1422 4165 sigillum
1494 4085 1808 4144 nostrum
1885 4081 1973 4145 ad
2048 4101 2288 4146 causas
2362 4080 2801 4164 presentibus

577 4187 831 4272 apponi
879 4187 1182 4251 fecimus,
1279 4185 1440 4249 Dat.
1491 4185 1561 4248 in
1607 4183 1815 4249 domo
1861 4191 2097 4249 nostra
2143 4184 2519 4268 Capitulari
2566 4184 2801 4269 quoad

574 4291 1060 4378 sigillacionem
1113 4289 1560 4374 presencium,
1617 4288 1941 4353 vicesimo
1993 4289 2101 4353 die
2151 4289 2403 4353 mensis
2454 4289 2801 4373 Januarij,

573 4399 776 4506 Anno
814 4395 898 4461 D’
906 4395 975 4460 ni
1014 4394 1176 4459 Mill’
1183 4414 1298 4458 mo
1332 4393 1900 4478 Quingentesimo
1938 4393 2437 4457 SextodecimO.

719 4532 1018 4581 ¹Richard
1061 4533 1287 4590 Wilson,
1325 4535 1526 4600 bishop
1563 4536 1623 4583 οἱ
1662 4535 2003 4599 Negropont,
2044 4549 2158 4582 was
2196 4533 2488 4598 Suffragan
2528 4534 2587 4582 01
2626 4533 2805 4590 York,

581 4601 942 4666 1515—1518.
1021 4598 1250 4656 Stubbs‚
1289 4600 1416 4665 Reg.
1459 4601 1607 4650 Sacr.
1650 4602 1832 4664 Angl„
1880 4604 2029 4664 1897,
2073 4613 2192 4649 202.
