3217 5117
230 733 420 786 secret,

174 1526 283 1574 and
312 1529 464 1588 post-

141 1607 516 1642 communion.

169 2173 292 2220 And
320 2172 465 2221 after

135 2240 219 2287 his
246 2239 416 2288 death
445 2239 498 2287 in

135 2306 243 2353 like
271 2320 500 2354 manner

143 3011 254 3060 this
281 3011 492 3068 collect,

225 3704 422 3754 secret,

179 4292 289 4340 and
318 4296 468 4355 post-

141 4359 516 4408 communion.

554 417 684 484 286
1128 421 1287 486 THE
1337 421 1651 486 INGILBY
1700 421 2195 488 MANuscRm.

729 621 871 665 vna
911 621 1068 665 cum
1115 607 1398 676 secret0‚

731 729 1014 794 Munera
1045 751 1419 814 quesumus
1460 731 1755 796 Domine
1786 732 2022 796 oblata
2055 731 2429 806 sanctifica,
2465 738 2543 795 vt
2577 730 2777 795 nobis

552 833 886 918 vnigeniti
913 835 1014 899 tui
1042 855 1289 919 corpus
1314 841 1382 899 et
1410 835 1687 920 sanguis
1714 834 1906 912 fiant,
1934 841 2005 900 et
2034 835 2294 900 famulo
2321 841 2444 900 tuo
2472 835 2771 899 Henrico

552 937 860 1021 Septimo
932 939 1067 1024 regi
1139 946 1378 1004 nostro
1446 938 1536 1004 ad
1607 940 1961 1005 obtinend.
2039 940 2265 1005 anime
2333 939 2778 1024 corporisque

549 1041 864 1118 salutem,
915 1049 985 1107 et
1032 1042 1121 1108 ad
1169 1043 1633 1130 peragendum
1680 1044 1750 1108 in
1798 1044 1997 1109 firma
2043 1043 2176 1109 fide
2223 1050 2293 1108 et
2338 1042 2559 1108 solida
2604 1064 2775 1128 pace

549 1145 934 1212 iniunctum
1027 1148 1155 1212 sibi
1248 1147 1568 1224 officium,
1665 1155 1735 1212 te
1826 1149 2177 1234 largiente,
2273 1168 2771 1233 vsquequaque

549 1250 931 1334 proficiant,

723 1387 793 1445 et
829 1402 985 1447 cum
1026 1383 1153 1448 hac
1191 1383 1854 1464 postcommunione,

725 1511 870 1575 Hec
937 1531 1312 1597 quesumus
1383 1512 1677 1577 Domine
1746 1513 2069 1578 salutaris
2137 1512 2552 1578 sacramenti
2621 1532 2771 1595 per-

547 1615 778 1699 cepcio
870 1617 1206 1682 famulum
1299 1623 1500 1681 tuum
1593 1617 1971 1681 Henricum
2065 1617 2453 1701 Septimum
2546 1636 2771 1701 regem

546 1727 860 1786 nostrum
884 1723 972 1786 ab
995 1722 1316 1786 omnibus
1339 1726 1619 1786 tueatur
1642 1720 1967 1796 aduersiS,
1996 1728 2343 1806 quatenus
2367 1721 2771 1786 diuturnam

545 1831 615 1889 et
674 1846 1068 1910 prosperam
1125 1826 1346 1890 vitam
1403 1827 1472 1890 in
1530 1825 2010 1911 tranquilitate
2067 1826 2519 1891 ecclesiastice
2577 1825 2769 1909 pacis

547 1929 880 2006 obtineat,
913 1937 983 1994 et
1014 1936 1171 2014 post
1203 1929 1404 1994 huius
1433 1931 1578 1994 vite
1606 1930 1971 1995 decursum
2002 1929 2091 1995 ad
2121 1937 2430 1996 eternam
2462 1930 2765 1994 beatitu-

547 2033 778 2098 dinem
817 2040 940 2100 tua
975 2035 1204 2119 gracia
1239 2041 1653 2118 cooperante
1690 2034 2067 2119 perueniat.

722 2163 895 2229 Cum
972 2184 1134 2228 vero
1213 2164 1302 2228 ab
1378 2165 1508 2229 hac
1585 2165 1737 2229 luce
1812 2164 2291 2250 migraueritiS,
2372 2163 2620 2229 deinde
2697 2164 2769 2228 in

544 2269 855 2353 qualibet
902 2268 1260 2353 principali
1305 2269 1513 2333 missa
1558 2270 1648 2335 ad
1696 2269 1918 2334 maius
1962 2270 2107 2333 siue
2152 2289 2501 2334 summum
2550 2269 2771 2334 altare

546 2373 727 2438 Eccl.
795 2379 1026 2438 nostre
1087 2373 1250 2439 Coll.
1319 2372 1667 2438 antedicte
1728 2393 1851 2458 per
1911 2374 2209 2459 aliquem
2274 2379 2591 2439 nostrum
2654 2373 2769 2436 vel

546 2498 1010 2543 successorum
1069 2484 1460 2542 nostrorum
1519 2482 1643 2543 aut
1703 2477 1914 2543 alium
1972 2478 2391 2544 confratrem
2450 2485 2768 2543 nostrum

547 2582 690 2648 siue
761 2582 1152 2647 ministrum
1221 2603 1657 2668 quecumque
1724 2582 2133 2648 celebranda
2201 2583 2554 2648 celebrans
2624 2582 2770 2667 ipse

547 2687 963 2772 quicumque
1014 2707 1137 2771 pro
1189 2693 1496 2771 tempore
1549 2686 1754 2752 fuerit
1805 2686 2086 2772 singulis
2136 2687 2379 2752 diebus
2429 2687 2768 2772 imperpe-

549 2799 752 2856 tuum
798 2812 923 2876 pro
969 2792 1191 2856 salute
1239 2791 1466 2856 anime
1513 2797 1740 2856 vestre
1786 2790 2231 2875 solempniter
2276 2797 2344 2856 et
2393 2812 2552 2856 cum
2598 2797 2771 2856 nota

551 2897 730 2979 leget
770 2903 840 2961 et
879 2895 1061 2961 dicet
1101 2895 1485 2960 oracionem
1524 2902 1947 2980 sequentem,
1988 2895 2326 2961 videlicet.

727 3024 989 3090 Inclina
1067 3025 1361 3090 Domine
1437 3045 1672 3090 aurem
1750 3030 1947 3090 tuam
2023 3024 2113 3096 ad
2188 3045 2423 3110 preces
2496 3031 2771 3090 nostras

548 3131 800 3216 quibus
866 3128 1399 3194 misericordiam
1468 3135 1663 3194 tuam
1728 3129 2068 3214 supplices
2134 3129 2606 3214 deprecamur,
2686 3135 2767 3194 vt

549 3235 851 3300 animam
903 3234 1140 3300 famuli
1193 3234 1296 3298 tui
1346 3234 1518 3319 regis
1569 3233 1848 3298 Henrici
1900 3234 2185 3319 Septimi
2238 3255 2452 3320 quam
2502 3235 2587 3300 de
2638 3235 2771 3298 hoc

549 3340 775 3404 seculo
811 3338 1100 3424 migrare
1138 3339 1390 3404 iussisti
1431 3339 1500 3403 in
1538 3338 1726 3423 pacis
1758 3359 1838 3404 ac
1868 3338 2037 3403 lucis
2062 3339 2331 3424 regione
2356 3338 2765 3414 constituaS,

551 3451 620 3508 et
658 3450 1054 3509 sanctorum
1093 3449 1372 3508 tuorum
1411 3443 1647 3508 iubeas
1685 3463 1828 3506 esse
1866 3449 2253 3507 consortem

555 3604 687 3657 100.
781 3607 920 3650 vna
957 3607 1113 3651 cum
1151 3586 1280 3650 hoc
1315 3590 1595 3661 secreto,

724 3716 1047 3781 Animam
1081 3714 1321 3780 famuli
1355 3713 1458 3779 tui
1490 3714 1664 3800 regis
1697 3714 1976 3779 Henrici
2008 3714 2296 3798 Septimi
2330 3716 2421 3780 ab
2450 3715 2773 3779 omnibus

547 3828 615 3886 et
645 3821 843 3905 vicijs
870 3829 938 3885 et
967 3821 1265 3905 peccatis
1293 3820 1592 3884 humane
1621 3819 2038 3884 condicionis
2064 3840 2439 3904 quesumus
2468 3820 2771 3885 Domine

548 3928 672 3991 hec
733 3925 1050 3990 absoluat
1111 3924 1378 3989 oblacio
1438 3943 1572 4010 que
1636 3923 1763 3988 tibi
1824 3923 2181 3988 immolata
2245 3924 2465 3988 tocius
2526 3924 2771 3989 mundi

551 4030 713 4095 tulit
750 4035 1058 4114 peccata,

724 4167 792 4225 et
839 4181 998 4227 cum
1045 4161 1173 4224 hac
1218 4158 1880 4244 postcommunione,

725 4289 971 4352 Annue
1035 4286 1234 4350 nobis
1299 4285 1594 4349 Domine
1659 4290 1739 4349 vt
1810 4285 2041 4350 anima
2111 4285 2353 4350 famuli
2423 4285 2527 4349 tui
2596 4288 2773 4372 regis

551 4392 828 4456 Henrici
907 4389 1196 4475 Septimi
1263 4389 1729 4454 remissionem
1797 4408 2009 4475 quam
2079 4389 2353 4474 optauit
2423 4397 2774 4456 mereatur

547 4497 888 4582 suscipere
924 4501 1385 4579 peccatorum.
