3217 5117
651 432 725 494 18
1188 432 1357 495 Tur,
1410 431 1719 496 lna-,rm
1772 430 2290 495 Mmuscmpr.

645 605 925 689 iniquis,
964 628 1047 670 ex
1084 620 1274 690 parte
1306 621 1373 671 et
1423 627 1541 689 per
1590 621 1851 689 partem
1890 605 2192 689 Capituli
2229 618 2294 669 et
2329 602 2850 669 Canonicorum

645 704 1129 789 predictorum,
1200 705 1287 769 ad
1366 726 1493 769 vos
1572 705 2037 770 venerabilem
2123 717 2383 787 patrem
2466 702 2850 786 predictum

641 805 863 869 extitit
895 819 960 869 et
992 818 1095 869 est
1135 805 1445 889 legitime
1487 806 1941 889 appellatum,
1981 817 2047 869 et
2088 825 2208 888 per
2253 804 2473 867 dictos
2507 800 2859 867 Commis-

642 906 863 969 sarios
926 920 1193 970 vestros
1258 905 1515 989 prefate
1576 905 2042 989 appellacioni
2111 916 2499 968 reuerenter
2551 901 2855 985 paritum

641 1005 858 1069 eciam
894 1017 959 1069 et
990 1005 1319 1070 delatum.
2091 1028 2094 1031 ’

218 1194 537 1243 wherefore
818 1192 1053 1280 Quare
1103 1196 1269 1277 petit
1315 1196 1540 1260 dictus
1592 1208 1996 1279 procurator
2045 1193 2328 1258 nomine
2379 1190 2860 1277 procuratorio

214 1262 618 1387 ξξῗὲῃζῗῒρῗξὲη
646 1294 972 1377 predicto,
1038 1296 1343 1377 probatis
1396 1296 1462 1358 in
1524 1295 1652 1360 hac
1709 1310 1900 1379 parte
1949 1296 2032 1359 de
2090 1296 2236 1358 iure
2289 1292 2668 1377 probandis
2731 1310 2861 1373 pro

216 1391 810 1503 prectorlfofavoce
872 1393 1049 1457 dicte
1111 1395 1617 1477 appellacionis
1684 1416 1766 1459 ac
1831 1408 2058 1460 vestra
2131 1394 2638 1468 iurisdiccione,
2717 1392 2864 1455 dic-

214 1472 607 1570 [ssffssanessffi
640 1506 888 1575 tosque
936 1495 1123 1558 viros
1172 1493 1713 1559 Commissarios
1757 1496 1934 1559 male
1974 1510 2040 1559 et
2087 1495 2323 1578 inique
2355 1492 2854 1565 sentenciasse‚

639 1593 1052 1668 decreuisse,
1113 1608 1179 1658 et
1239 1608 1760 1678 augmentasse,
1815 1606 1880 1658 et
1938 1594 2283 1677 predictos
2332 1592 2736 1676 Capitulum
2789 1604 2860 1653 et

640 1691 1040 1757 Canonicus
1104 1695 1279 1757 bene
1355 1708 1422 1757 et
1493 1694 1804 1777 legitime
1867 1694 2263 1776 appellasse
2329 1714 2450 1775 per
2511 1713 2638 1756 vos
2705 1710 2866 1773 pro-

644 1792 954 1857 nunciari
1001 1805 1068 1856 et
1112 1792 1469 1867 declarari,
1514 1814 1781 1857 necnon
1832 1794 2070 1857 omnia
2118 1806 2182 1856 et
2231 1794 2517 1875 singula
2563 1804 2864 1871 attemp-,

642 1904 779 1955 tata
815 1906 970 1975 post
1007 1906 1074 1957 et
1112 1907 1351 1956 contra
1397 1894 1951 1975 appellacionem
2006 1893 2378 1976 predictam
2435 1890 2744 1955 reuocari
2795 1902 2864 1952 et

640 1992 923 2070 cassari,
956 1992 1384 2074 vlteriusque
1411 1990 1554 2056 fieri
1587 1991 1656 2054 in
1688 1992 2047 2075 premissis
2072 2004 2138 2056 et
2162 2013 2242 2055 ea
2276 1989 2864 2073 contingentibus

645 2092 833 2156 iuxta
900 2092 1303 2174 qualitatem
1376 2104 1441 2155 et
1522 2105 1838 2155 naturam
1917 2092 2294 2156 eorundem
2380 2092 2444 2153 in
2525 2088 2864 2153 omnibus

644 2192 912 2255 iusticie
958 2193 1571 2275 complementum.
1695 2192 1847 2255 Hec
1891 2192 2078 2267 dicit,
2137 2190 2482 2274 proponit,
2539 2206 2606 2252 et
2657 2188 2850 2271 petit,

639 2310 721 2354 ac
756 2293 1049 2373 probare
1084 2290 1379 2355 intendit
1411 2291 1638 2355 dictus
1689 2304 2110 2373 procurator,
2155 2289 2437 2353 nomine
2470 2310 2613 2371 quo
2648 2307 2865 2370 supra

641 2390 1067 2453 coniunctim
1148 2404 1215 2454 et
1281 2390 1589 2465 diuisim,
1665 2389 1807 2474 Jur'
1880 2388 2217 2454 beneficio
2287 2410 2564 2472 semper
2631 2390 2858 2457 saluo,

648 2488 961 2572 Litisque
1021 2489 1538 2554 contestacione
1601 2490 1832 2553 verbis
1898 2489 2249 2571 negatinis
2304 2488 2481 2553 facta
2546 2487 2864 2572 legitime

642 2588 727 2652 ad
786 2589 1084 2653 eundem
1149 2603 1216 2652 et
1279 2610 1399 2672 per
1460 2602 1832 2671 Vtrumque
1892 2589 2232 2653 dictorum
2301 2604 2856 2672 procuratorum,

646 2688 1037 2752 iuramento
1113 2688 1512 2770 calumpnie
1589 2702 1656 2751 et
1723 2689 1809 2752 de
1871 2688 2154 2752 veritate
2217 2687 2512 2751 dicenda
2579 2688 2863 2751 nomine

644 2788 1089 2851 dominorum
1184 2808 1468 2851 suorum
1557 2788 2014 2870 solempniter
2091 2787 2397 2871 prestitO,
2485 2787 2864 2871 propositis

645 2886 861 2952 eciam
932 2906 1053 2970 per
1124 2900 1383 2969 partem
1462 2887 1932 2968 appellantem
2013 2886 2432 2969 quibusdam
2519 2887 2865 2969 pretensis

650 2986 1136 3069 iniquitatibus
1169 2998 1408 3049 contra
1440 2986 1866 3049 sentenciam
1905 2988 2111 3049 latam
2167 3006 2285 3069 per
2319 2986 2866 3051 Commissarios

646 3086 1055 3156 antedictos,
1118 3086 1452 3149 Termino
1515 3086 1733 3148 eciam
1791 3086 1952 3149 dato
2007 3085 2092 3148 ad
2145 3085 2602 3167 proponenda
2655 3086 2866 3149 intro-

647 3186 965 3249 ducenda
998 3184 1237 3249 omnia
1273 3186 1337 3246 in
1375 3182 1553 3247 facto
1600 3185 2086 3261 consistencia‚
2127 3200 2192 3248 et
2241 3186 2310 3247 in
2361 3186 2662 3249 termino
2714 3186 2869 3267 ipso

648 3284 977 3350 exhibitis
1014 3306 1133 3367 per
1174 3295 1435 3365 partem
1481 3284 1950 3366 appellantem
1998 3285 2398 3366 predictam,
2439 3285 2864 3367 quibusdam

653 3383 1261 3466 proposicionibus
1318 3382 1487 3445 iuris
1542 3395 1606 3445 et
1671 3381 1824 3446 facti
1889 3384 2363 3467 allegaciones
2427 3405 2549 3448 seu
2617 3405 2868 3448 causas

650 3481 1170 3546 continentibus
1208 3495 1484 3563 propter
1520 3502 1721 3563 quaS,
1761 3494 1831 3544 vt
1873 3482 2406 3564 pretendebatur
2453 3484 2519 3545 in
2571 3484 2861 3557 eisdem,

651 3580 1145 3663 augmentacio
1226 3580 1632 3661 porcionum
1711 3581 2120 3644 vicariarum
2190 3582 2652 3664 predictarum
2726 3603 2863 3645 non

268 3691 625 3741 Thecanons
653 3679 874 3744 fuerat
920 3678 1255 3757 facienda,
1294 3680 1574 3761 quibuS,
1615 3694 1959 3761 quatenus
2010 3681 2076 3743 in
2130 3680 2308 3745 facto
2357 3682 2863 3753 consistabant,

225 3766 504 3885 ζξέιξξζῃ·
654 3780 934 3843 demum
984 3791 1140 3861 post
1170 3778 1509 3841 diutinam
1546 3781 2072 3844 altercacionem
2113 3782 2416 3845 habitam
2469 3802 2683 3863 super
2731 3782 2872 3844 illis

225 3889 421 3937 absent
458 3886 628 3935 them·
659 3878 925 3943 reiectis
979 3891 1045 3942 et
1101 3878 1168 3939 in
1218 3898 1428 3942 causa
1477 3880 1830 3955 concluse,
1885 3902 1964 3944 ac
2011 3883 2517 3963 subsequenter
2565 3882 2868 3944 termino

226 3953 586 4066 {masengi
655 3977 740 4040 ad
774 3977 1098 4041 audiend.
1141 3978 1565 4040 sentenciam
1606 3978 1774 4059 ipsis
1812 3980 2119 4060 partibus
2152 3980 2540 4063 assignato,

226 4098 389 4145 given
415 4098 483 4130 on

230 4148 605 4211 theirappeal.
834 4165 910 4227 In
984 4185 1125 4246 quo
1196 4165 1492 4229 termino
1562 4163 1889 4248 Capitulo
1957 4180 2022 4229 et
2092 4166 2468 4233 Canonicis
2543 4169 2871 4252 predictis

656 4284 729 4327 se
796 4264 1295 4327 contumaciter
1354 4264 1905 4337 absentantibuS,
1974 4286 2271 4347 quorum
2336 4267 2666 4331 absencia
2737 4268 2868 4331 Dei

660 4364 1014 4446 presencia
1048 4363 1370 4445 supleatu
1382 4384 1429 4437 r,
