3217 5117
1292 442 1753 509 CART111ARY.
2550 459 2634 526 97

416 621 596 697 ville,
626 642 720 687 sa.
817 622 920 687 Se.
951 643 1062 688 me
1089 623 1240 687 ded.
1275 623 1423 687 Ric'
1453 624 1592 688 filio
1620 623 1925 689 Turstini
1950 624 2020 688 in
2050 624 2251 689 feodo
2275 622 2296 707 j
2328 626 2629 688 carucat.

417 731 593 791 terre
634 747 758 810 pro
798 726 1070 791 duobus
1109 727 1343 792 solidis
1383 748 1504 811 per
1543 749 1701 794 ann.
1746 730 1847 793 ita
1887 728 2173 793 liberam
2214 735 2283 792 et
2325 728 2633 812 quietam

411 830 591 895 sicut
662 836 1044 897 ceterorum
1117 852 1533 897 vauasorum
1607 852 1937 898 meorum.
2033 833 2235 897 Teste
2307 831 2634 896 Turstino

409 934 758 1001 Canonico
794 942 864 1001 et
901 937 1164 1001 ceteris,
1205 994 1210 997 .

417 1102 595 1185 (159)
663 1102 773 1166 DE
834 1118 1110 1169 EODEM.
1211 1102 1455 1186 (Grant
1517 1104 1590 1168 os
1651 1106 1767 1169 the
1826 1125 2014 1169 same
2072 1103 2236 1168 land
2296 1105 2391 1187 by
2451 1103 2629 1186 Abp.

501 1204 798 1271 William
835 1214 910 1272 to
946 1205 1212 1271 Gilbert
1249 1208 1368 1273 the
1403 1229 1648 1283 canon,
1688 1210 1841 1274 who
1878 1209 1933 1273 is
1970 1215 2044 1273 to
2078 1228 2219 1293 pay
2256 1226 2349 1274 25.
2391 1229 2431 1272 a
2466 1228 2634 1292 year

497 1317 572 1374 to
610 1310 732 1375 the
769 1312 1076 1389 church.)

589 1448 861 1515 Will’s1.
905 1452 1031 1515 Dei
1083 1472 1225 1537 gra.
1274 1453 1562 1518 Eborac,
1606 1453 1919 1537 Archiep.
1978 1473 2160 1519 omn.
2218 1452 2283 1518 S.
2341 1453 2419 1518 E.
2476 1451 2630 1517 filiis

412 1574 510 1619 sa.
554 1560 623 1619 et
665 1556 1031 1621 oraciones,
1126 1555 1392 1622 Notum
1431 1559 1520 1622 sit
1561 1558 1761 1622 vobis
1800 1557 1988 1643 quod
2029 1578 2153 1621 nos
2192 1557 2630 1623 concedimus

415 1665 486 1723 et
523 1659 1082 1727 confirmauimus
1118 1659 1379 1726 Gilb'to
1416 1661 1761 1728 Canonico
1797 1662 1931 1727 S'ci
1970 1662 2184 1727 Wilfr.
2227 1661 2313 1727 de
2353 1662 2627 1746 Ripon',

415 1770 814 1829 carucatam
858 1770 1034 1829 terre
1078 1785 1290 1849 quam
1337 1765 1482 1831 Ric.
1532 1766 1836 1831 Turstini
1880 1766 1970 1832 fil.
2020 1766 2089 1831 in
2135 1765 2337 1831 feodo
2382 1767 2627 1842 tenuit,

417 1876 488 1933 et
551 1868 680 1953 ipsi
743 1868 1052 1933 Gilberto
1115 1868 1184 1933 in
1249 1869 1452 1935 feodo
1513 1891 1665 1935 eam
1732 1870 2101 1935 tenendam
2163 1870 2496 1935 concessit
2561 1876 2629 1934 et

417 1972 630 2037 dedit.
727 1972 1106 2038 Reddendo
1146 1975 1252 2057 (46
1290 1976 1380 2057 v.)
1421 1974 1588 2059 sing.
1629 1975 1827 2039 annis
1862 1974 2137 2039 ecclesie
2171 1974 2345 2039 duos
2378 1973 2631 2039 solidos

419 2082 718 2143 tantum.
811 2076 1014 2142 Taete
1052 2078 1227 2144 Rad.
1270 2078 1500 2164 Ep’02
1560 2084 1630 2143 et
1666 2078 1926 2143 ceteris,

423 2242 600 2321 (160)
703 2245 1189 2320 (AGREEMENT
1235 2261 1592 2311 BETWEEN
1644 2244 1880 2311 RipoN
1930 2262 2082 2310 AND
2132 2246 2604 2319 FOUNTAINS).

595 2386 1019 2472 Composicio
1073 2388 1260 2454 facta
1315 2389 1495 2453 inter
1547 2388 1704 2453 eccl.
1762 2388 1848 2454 de
1902 2388 2151 2473 Ripon’
2210 2396 2277 2453 et
2334 2390 2489 2453 eccl.
2548 2388 2633 2453 de

419 2491 756 2556 Fontibus
795 2492 998 2557 Anno
1041 2494 1266 2577 gracie
1315 2492 1599 2557 Mill’mo
1641 2505 1800 2557 cc⁰¹0
1838 2505 2013 2557 xx¹¹¹0
2044 2501 2313 2558 octauo,
2420 2493 2635 2557 Facta

417 2603 521 2660 est
573 2597 698 2660 hec
742 2596 1156 2680 composicio
1207 2598 1385 2662 inter
1431 2596 1735 2661 eccl'iam
1782 2596 1868 2661 de
1921 2595 2170 2680 Ripon'
2221 2603 2289 2661 et
2342 2597 2500 2662 eccl.
2551 2596 2636 2661 de

418 2700 758 2764 Fontibus
802 2720 926 2784 pro
971 2703 1156 2766 bono
1201 2701 1410 2786 paciS,
1459 2702 1599 2767 scil.
1649 2701 1840 2787 quod
1884 2702 1953 2765 in
2002 2702 2635 2786 recompensacione

416 2804 737 2869 vndecim
807 2824 940 2869 aer.
1017 2812 1193 2870 terre
1262 2826 1559 2891 quarum
1630 2805 1866 2870 decem
1938 2825 2090 2869 acre
2160 2806 2386 2871 iacent
2458 2806 2637 2870 inter

414 2908 771 2994 grangiam
821 2909 907 2973 de
958 2909 1317 2995 Galghagh
1370 2917 1440 2975 et
1492 2910 1679 2975 viam
1730 2930 1865 2995 que
1918 2910 2112 2974 vadit
2165 2930 2286 2994 per
2336 2910 2634 2975 mediam

417 3012 653 3077 villam
695 3013 780 3077 de
819 3012 1242 3098 Wynkeslay
1282 3020 1352 3079 et
1393 3015 1757 3079 vndecima
1798 3033 1955 3079 acra
1994 3014 2169 3079 iacet
2212 3014 2279 3078 in
2321 3014 2635 3079 orientali

415 3124 620 3201 prato
677 3118 874 3183 iuxta
931 3118 1282 3203 Capellam
1339 3118 1552 3184 eiusd.
1616 3117 1795 3194 ville,
1856 3119 1941 3183 de
1997 3119 2249 3203 quibus
2307 3119 2487 3183 Eccl.
2549 3118 2635 3183 de

417 3222 647 3306 Ripon
694 3220 1066 3307 aliquando
1113 3222 1451 3287 decimam
1495 3222 1685 3288 bladi
1730 3223 2073 3307 percipere
2117 3222 2451 3297 solebant,
2499 3243 2635 3307 que

415 3347 600 3391 nunc
643 3346 765 3410 per
806 3347 1132 3392 monacos
1177 3327 1262 3391 de
1307 3327 1646 3392 Fontibus
1690 3327 1760 3392 in
1804 3333 2081 3412 pratum
2128 3326 2403 3391 redacte
2446 3334 2631 3404 sunt,

415 3430 604 3515 quod
653 3430 802 3513 ipsa
847 3431 1128 3495 ecclesia
1175 3430 1260 3495 de
1307 3432 1647 3497 Fontibus
1692 3432 2023 3496 concessit
2072 3430 2293 3494 eidem
2340 3430 2497 3496 eccl.
2550 3431 2636 3496 de

418 3534 672 3618 Ripon’
718 3536 1061 3619 percipere
1104 3535 1189 3600 de
1231 3536 1506 3600 essartis
1547 3536 1688 3601 suis
1729 3536 2067 3600 decimam
2109 3534 2295 3599 bladi
2340 3542 2409 3599 et
2452 3536 2635 3621 legu-

414 3638 619 3703 minis
657 3638 743 3703 de
781 3660 920 3705 vna
958 3660 1118 3704 acra
1158 3636 1335 3704 terre
1373 3646 1442 3705 et
1483 3640 1768 3705 dimidia
1808 3641 1878 3704 in
1918 3640 2403 3725 Selbeshenges
2440 3646 2509 3705 et
2550 3641 2635 3707 de

411 3764 553 3808 vna
584 3763 743 3809 acra
773 3749 842 3808 et
871 3764 1012 3809 vna
1043 3744 1212 3809 roda
1243 3745 1311 3809 in
1343 3743 1982 3837 merayriddinges
2012 3750 2081 3809 et
2112 3744 2197 3809 de
2228 3744 2342 3808 illo
2372 3751 2633 3810 essarto

413 3868 620 3932 super
657 3847 1085 3934 Galgheberg
1122 3855 1467 3934 quantum
1507 3855 1889 3915 essatatum
1935 3849 2075 3933 (sic)
2125 3849 2255 3914 fuit
2296 3850 2410 3914 illo
2450 3871 2634 3915 anno

414 3973 554 4038 quo
597 3954 722 4017 hec
762 3953 1175 4037 composicio
1217 3953 1404 4019 facta
1447 3954 1580 4020 fuit
1624 3974 1746 4038 per
1785 3960 2007 4018 metas
2049 3953 2303 4018 ibidem
2346 3956 2629 4037 posita3‚

412 4057 622 4122 saluis
667 4057 988 4122 ecclesie³
1032 4057 1116 4122 de
1161 4058 1498 4125 Fontibus
1542 4057 1913 4143 priuilegiis
1947 4057 2087 4121 suis
2124 4057 2210 4121 de
2244 4058 2627 4124 noualibus,

2702 1476 3026 1527 1143-1154.

2784 2400 2931 2445 1228.

413 4162 508 4226 Et
553 4160 712 4227 eccl.
760 4162 846 4226 de
891 4160 1122 4248 Ripon
1167 4163 1500 4228 concessit
1546 4163 1705 4228 eccl.
1754 4162 1839 4226 de
1883 4161 2223 4225 Fontibus
2265 4162 2411 4226 sine
2454 4162 2632 4227 deci·
2724 4248 2738 4256 ἢ

412 4266 726 4331 macione
761 4266 876 4331 illa
911 4266 1094 4332 tofta
1131 4267 1199 4331 in
1235 4265 1633 4350 Winkeslay
1667 4286 1801 4351 que
1837 4264 2123 4349 Joh'nes
2160 4265 2372 4331 frater
2406 4266 2469 4330 N
2475 4268 2629 4333 ich’i

557 4449 574 4472 ¹
615 4442 897 4507 Probably
925 4444 1004 4493 St.
1036 4443 1298 4499 william,
1325 4442 1452 4493 who
1476 4443 1779 4492 succeeded
1806 4441 2106 4492 Thur-stan.

554 4540 574 4562 ²
609 4535 728 4585 Not
755 4535 1056 4586 identified.
1205 4541 1225 4571 ³
1263 4536 1550 4601 Repeated
1579 4535 1636 4585 in
1662 4536 1773 4585 MS.

766 4630 804 4699 7
