3217 5117
274 1113 599 1177 Ass-ignauia

275 1187 533 1229 terrarum
558 1184 604 1227 et

298 1247 440 1296 bosci
464 1246 590 1296 huic

258 1314 493 1363 cantaria
520 1314 615 1363 hu-

326 1380 564 1441 jusmodi

264 1446 600 1511 spectficatur

316 1514 562 1575 interim.

296 2270 355 2319 H
357 2271 573 2321 nbilitas

260 2344 307 2387 et
342 2339 613 2402 capacitas

293 2405 580 2468 Capenam·

273 2472 436 2523 liuius
457 2473 599 2523 Can·

360 2540 509 2589 taric.

273 2908 595 2973 Assignacio

271 2982 529 3027 terrarum
555 2984 602 3027 et

266 3043 501 3095 redditus
535 3046 612 3095 vi·

266 3113 431 3173 fariis
470 3114 613 3162 chori

319 3178 379 3228 in
406 3180 570 3230 huius

328 3248 564 3297 cantorie

278 3314 618 3374 fundacione.

664 426 789 511 196
1230 427 1387 493 Tm:
1437 426 1750 491 INGILBY
1801 426 2299 491 MANUscmP‘r.

662 606 870 690 Joh'i,
932 608 1119 692 quod
1180 606 1303 691 ipsi
1355 606 1710 691 quandam
1773 605 2169 671 Cantariam
2221 604 2306 669 de
2346 625 2488 670 vno
2531 602 2890 687 capellano

664 710 899 777 diuina
947 711 1229 797 singulis
1278 711 1519 776 diebus
1568 710 1658 775 ad
1709 710 1924 775 altare
1973 710 2104 775 S’ci
2155 709 2416 774 Thome
2467 708 2771 773 Martiris
2817 708 2886 771 in

665 816 823 881 eccl.
898 816 1205 900 predicta
1266 816 1335 881 in
1395 817 1654 881 honore
1717 815 1848 880 S'ci
1909 814 2204 879 Wilfridi
2264 814 2695 878 celebraturo
2767 814 2887 877 im-

667 926 1078 1004 perpetuum
1122 921 1320 985 iuxta
1364 920 1874 985 ordinacionem
1921 920 2224 1003 ipsorum
2268 918 2372 983 W.
2422 917 2488 1001 J.
2537 917 2613 982 T.
2665 916 2730 1000 J.
2779 916 2883 981 W.

666 1024 771 1089 W.
824 1024 929 1089 W.
983 1031 1050 1089 et
1103 1024 1168 1108 J.
1222 1024 1291 1089 in
1340 1026 1471 1090 hac
1518 1031 1717 1109 parte
1767 1024 2154 1088 faciendam
2204 1022 2289 1087 de
2337 1042 2521 1088 nouo
2571 1021 2884 1096 fundare,

668 1128 909 1204 facere,
968 1128 1301 1204 ordinare,
1360 1135 1429 1193 et
1486 1127 1812 1203 stabilire,
1870 1148 2134 1193 necnon
2191 1132 2455 1211 septem
2511 1125 2883 1211 mesuagia‚

668 1238 969 1317 quatuor
1006 1234 1321 1308 bouataS,
1364 1239 1432 1297 et
1475 1233 1760 1317 triginta
1799 1239 1870 1297 et
1910 1252 2160 1297 nouem
2200 1252 2392 1296 acras
2431 1238 2632 1307 terre,
2672 1250 2886 1295 vnam

668 1357 898 1401 acram
959 1338 1162 1422 prati,
1226 1343 1294 1401 et
1357 1338 1529 1402 duas
1591 1357 1784 1402 acras
1845 1337 2032 1401 bosci
2094 1357 2252 1401 cum
2313 1334 2756 1420 pertinenciis
2815 1333 2885 1399 in

670 1440 1074 1526 Bishopton,
1157 1442 1555 1526 Grantelay,
1637 1440 2159 1525 Ouerstodelay,
2241 1440 2548 1515 Skelton,
2631 1439 2884 1523 Thorp,

668 1544 729 1609 N
736 1546 1293 1631 orthotryngton,
1326 1552 1395 1610 et
1427 1545 1859 1631 Ingerthorp,
1890 1564 2026 1629 que
2053 1544 2139 1609 de
2167 1544 2364 1609 nobis
2392 1565 2530 1609 non
2562 1549 2889 1608 tenentur

668 1655 747 1713 vt
796 1650 1067 1726 dicitur,
1120 1650 1474 1734 capellano
1524 1649 1831 1714 cantarie
1883 1649 2186 1733 predicte
2235 1670 2394 1713 cum
2443 1649 2541 1713 sic
2591 1648 2888 1713 fundata

668 1754 872 1819 fuerit
942 1754 1104 1819 dare
1174 1762 1241 1820 et
1314 1755 1658 1839 assignare
1727 1754 2038 1838 possint:
2120 1753 2436 1818 Habend.
2511 1753 2885 1838 mesuagia,

667 1863 940 1935 terram,
990 1866 1270 1943 pratum
1320 1866 1389 1923 et
1438 1860 1724 1924 boscum
1773 1858 2082 1943 predicta
2130 1858 2351 1922 eidem
2399 1857 2770 1942 Capellano
2817 1864 2888 1921 et

664 1964 1163 2029 successoribus
1208 1964 1347 2028 suis
1392 1963 1777 2047 Capellanis
1822 1962 2141 2027 Cantarie
2185 1962 2488 2046 predicte
2533 1962 2772 2027 divina
2817 1963 2890 2026 in

664 2067 943 2132 ecclesia
996 2067 1306 2154 predicta
1358 2068 1447 2132 ad
1500 2068 1718 2131 altare
1771 2066 2158 2150 predictum
2209 2074 2289 2130 vt
2342 2066 2731 2151 predictum
2783 2074 2887 2132 est

664 2172 1126 2249 celebraturiS‚
1162 2172 1232 2237 in
1266 2172 1599 2238 auxilium
1633 2172 2163 2237 sustentacionis
2195 2192 2314 2236 sue
2347 2172 2416 2236 in
2449 2178 2888 2255 perpetuum,

666 2296 745 2340 ac
786 2275 973 2360 quod
1022 2276 1201 2341 idem
1246 2275 1654 2360 Capellanus
1693 2282 1761 2340 et
1801 2296 2218 2341 successores
2263 2276 2366 2340 sui
2411 2276 2702 2359 predicti
2748 2276 2892 2340 sint

664 2400 949 2464 persone
1004 2381 1266 2445 habiles
1322 2387 1389 2445 et
1444 2401 1732 2465 capaces
1787 2380 1875 2445 ad
1931 2379 2334 2464 adquirend.
2393 2387 2461 2445 et
2517 2380 2889 2464 recipiend.

666 2490 902 2559 terras,
986 2491 1403 2561 tenementa,
1486 2490 1554 2549 et
1636 2484 1946 2549 redditus
2026 2505 2104 2549 ac
2185 2484 2353 2549 alias
2431 2484 2895 2569 possessiones

664 2609 1135 2673 quascumque
1159 2590 1287 2654 sibi
1315 2595 1384 2653 et
1410 2590 1914 2654 successoribus
1941 2590 2081 2654 suis
2109 2589 2434 2672 predictis
2457 2589 2527 2653 in
2553 2589 2898 2655 auxilium

666 2694 1194 2758 sustentacionis
1230 2714 1349 2758 sue
1389 2693 1693 2777 predicte
1727 2693 2255 2777 imperpetuum,
2286 2714 2550 2758 necnon
2585 2694 2848 2759 eisdem
2875 2710 2892 2739 ¹

667 2797 913 2873 Will’o,
967 2797 1175 2880 Joh'i,
1228 2798 1303 2863 T.
1358 2798 1423 2881 J.
1477 2798 1581 2862 W.
1637 2798 1740 2862 W.
1794 2797 1899 2862 W.
1952 2804 2021 2860 et
2074 2796 2280 2880 Joh’i,
2333 2797 2520 2882 quod
2570 2798 2699 2883 ipsi
2749 2800 2900 2864 duo

665 2903 1032 2986 mesuagia,
1073 2922 1191 2967 sex
1230 2922 1421 2967 acras
1461 2908 1658 2977 terre,
1700 2908 1837 2966 tres
1877 2921 2068 2965 acras
2105 2902 2308 2986 prati,
2350 2910 2418 2967 et
2458 2902 2694 2968 decem
2731 2904 2900 2969 soli-

667 3005 871 3071 datas
917 3006 1245 3081 reddituS,
1293 3027 1451 3071 cum
1498 3006 1940 3091 pertinencijs
1987 3006 2053 3070 in
2106 3006 2333 3091 Ripon
2377 3028 2514 3092 que
2555 3008 2644 3071 de
2689 3010 2902 3073 nobis

670 3110 981 3176 similiter
1013 3131 1149 3175 non
1188 3117 1510 3176 tenentur
1544 3118 1624 3175 vt
1656 3110 1910 3175 dicitur
1943 3110 2106 3175 dare
2140 3112 2404 3195 possint
2439 3118 2510 3175 et
2545 3112 2902 3197 assignare

677 3214 951 3297 vicariis
1004 3214 1278 3280 ecclesie
1332 3214 1637 3299 predicte
1691 3214 1985 3279 habend.
2043 3221 2111 3279 et
2167 3215 2578 3299 percipiend.
2635 3216 2770 3280 sibi
2829 3226 2904 3281 et

676 3319 1175 3384 successoribus
1223 3320 1363 3384 suis
1414 3320 1481 3384 in
1535 3319 1867 3384 auxilium
1919 3319 2447 3384 sustentacionis
2497 3340 2616 3385 sue
2668 3342 2754 3385 ac
2809 3322 2906 3385 ad

675 3422 973 3507 quedam
1050 3442 1256 3487 onera
1329 3431 1397 3487 et
1474 3423 1755 3508 pietatis
1829 3443 2035 3507 opera
2110 3424 2306 3488 iuxta
2380 3423 2908 3491 ordinacionem

674 3527 1045 3593 eorundem
1072 3527 1175 3592 W.
1207 3528 1271 3611 J.
1302 3527 1377 3591 T.
1409 3527 1473 3610 J.
1504 3528 1608 3592 W.
1640 3527 1744 3591 W.
1775 3527 1880 3592 W.
1911 3533 1980 3600 et
2007 3526 2072 3610 J.
2102 3528 2172 3592 in
2197 3528 2326 3592 hac
2351 3534 2549 3611 parte
2574 3528 2906 3595 facienda

672 3632 1141 3716 supportenda
1204 3632 1734 3716 imperpetuum,
1799 3652 1878 3695 ac
1938 3632 2210 3715 prefato
2270 3631 2637 3716 Capeliano
2697 3636 2906 3717 quod

674 3736 818 3819 ipse
878 3743 1143 3820 septem
1206 3736 1553 3821 mesuagia
1615 3742 1917 3820 quatuor
1979 3736 2274 3801 bouatas
2335 3743 2406 3801 et
2471 3736 2760 3821 triginta
2829 3748 2906 3803 et

673 3860 922 3905 nouem
974 3860 1166 3905 acras
1221 3845 1415 3915 terre,
1470 3860 1684 3904 vnam
1737 3860 1968 3905 acram
2020 3840 2224 3924 prati,
2279 3848 2348 3904 et
2401 3842 2685 3906 boscum
2743 3864 2907 3927 pre-

674 3944 959 4019 dictum,
1001 3964 1266 4008 necnon
1305 3944 1589 4028 prefatis
1628 3943 1904 4028 vicariis
1942 3943 2133 4028 quod
2172 3944 2299 4028 ipsi
2339 3945 2477 4010 duo
2515 3950 2904 4033 mesuagia‚

674 4068 791 4113 sex
832 4069 1022 4114 acras
1059 4054 1236 4112 terre
1274 4054 1341 4111 et
1384 4054 1519 4112 tres
1557 4068 1752 4113 acras
1789 4048 1971 4132 prati
2009 4054 2080 4112 et
2117 4048 2464 4114 redditum
2500 4050 2908 4134 predictum

676 4174 715 4218 a
752 4153 1034 4237 prefatis
1070 4153 1176 4218 W.
1214 4153 1279 4236 J.
1319 4152 1394 4217 T.
1435 4152 1500 4236 J.
1540 4153 1645 4218 W.
1687 4152 1790 4217 W.
1831 4152 1934 4217 W.
1975 4160 2043 4218 et
2082 4152 2147 4236 J.
2187 4154 2482 4237 recipere
2516 4156 2794 4238 possint
2833 4166 2908 4223 et

677 4263 903 4321 tenere
954 4257 1083 4321 sibi
1136 4264 1206 4321 et
1256 4257 1758 4322 successoribus
1809 4256 1950 4321 suis
2001 4257 2327 4341 predictis
2379 4258 2910 4343 imperpetuum

674 4362 849 4427 sicut
886 4360 1272 4445 predictum
1310 4368 1411 4425 est
1452 4368 1689 4425 tenore
1724 4361 2153 4445 presencium
2189 4362 2501 4427 similiter
2535 4362 2908 4433 licenciam

805 4475 987 4559 -¹—Tlxe
1012 4474 1136 4559 MS.-
1154 4474 1636 4559 has-3eilisden13·
