3217 5117
613 475 743 542 290
1187 462 1346 526 THE
1397 461 1710 526 INGILBY
1758 461 2254 527 MANuscmPT.

180 640 236 688 ⁵11
273 641 383 690 this
417 642 581 691 form.
794 639 874 704 In
951 639 1078 704 Dei
1155 641 1452 716 nomine,
1531 641 1774 706 Amen.
1872 639 2018 705 Nos
2094 641 2407 716 Andreas
2482 639 2838 715 Newman,

616 742 998 808 Canonicus
1087 743 1635 810 Residenciarius
1722 746 1792 809 in
1882 746 2067 810 Eccl.
2159 745 2323 810 Coll.
2420 745 2670 829 Ripon’
2762 765 2842 809 ac

618 846 974 912 Presidens
1060 848 1360 932 Capituli
1447 850 1754 915 eiusdem
1842 855 1913 914 et
2000 850 2399 934 Capitulum
2486 850 2840 924 facienteS,

617 953 1032 1018 auctoritate
1075 960 1313 1019 nostra
1354 954 1703 1019 ordinaria
1745 960 1815 1019 et
1859 962 2095 1019 tenore
2138 955 2569 1040 presencium
2612 974 2844 1020 mone-

617 1077 771 1121 mus
816 1077 1051 1122 omnes
1098 1065 1167 1122 et
1212 1059 1513 1144 singulos
1560 1058 1941 1124 Canonicos
1986 1065 2057 1123 et
2104 1059 2601 1125 Prebendarios
2645 1059 2844 1124 istius

619 1161 893 1226 ecclesie
942 1169 1174 1228 nostre
1225 1163 1598 1250 Collegiate
1642 1165 1713 1228 in
1768 1184 2012 1250 genere
2059 1164 2391 1249 quatinus
2439 1164 2621 1229 infra
2666 1163 2831 1246 xviij

619 1267 1041 1350 septimanas
1097 1268 1234 1332 iam
1290 1269 1601 1352 proxime
1657 1289 1843 1334 nunc
1897 1275 1967 1333 et
2028 1268 2403 1334 inmediate
2458 1274 2843 1354 sequentes,

619 1391 912 1455 quarum
977 1392 1141 1437 vero
1205 1373 1371 1456 xviij
1443 1374 1992 1457 septimanarum
2056 1393 2175 1437 sex
2238 1374 2663 1458 septimanas
2726 1393 2849 1457 pro

621 1475 842 1559 primo
881 1484 951 1540 et
988 1497 1108 1541 sex
1147 1498 1272 1561 pro
1309 1478 1613 1542 secundo
1651 1499 1733 1542 ac
1772 1478 2069 1562 reliquas
2106 1497 2227 1542 sex
2264 1479 2688 1562 septimanas
2726 1497 2849 1561 pro

625 1580 833 1644 tercio
871 1602 952 1645 ac
990 1582 1285 1646 termino
1321 1582 1807 1666 peremptori0‚
1850 1581 1920 1646 et
1958 1582 2346 1647 monicione
2383 1582 2717 1647 canonica
2754 1582 2850 1645 eis

621 1690 691 1749 et
746 1704 981 1750 eorum
1036 1685 1316 1750 cuilibet
1370 1687 1768 1772 prefigimus
1823 1693 1893 1751 et
1948 1687 2399 1772 assignamus,
2460 1707 2539 1750 ac
2593 1685 2849 1751 eisdem

622 1809 744 1872 per
783 1809 1018 1854 eorum
1060 1798 1538 1874 procuratores
1581 1791 1819 1876 prefigi
1862 1797 1931 1855 et
1978 1791 2331 1876 assignari,
2378 1797 2450 1855 et
2491 1791 2577 1854 de
2619 1790 2849 1854 huius-

621 1892 809 1957 modi
859 1895 1358 1961 monicionibus
1408 1895 1660 1959 nostris
1711 1895 1953 1980 legatis
2002 1896 2102 1959 sic
2152 1916 2274 1979 per
2321 1915 2447 1959 nos
2514 1894 2719 1959 factis
2780 1899 2851 1957 et

196 1991 592 2109 ὃέὲῒὴὲἒὶὲὲ·
623 1997 912 2062 decretis
956 1998 1255 2082 plenarie
1299 1999 1605 2064 intimari
1650 2005 1720 2064 et
1766 1999 2119 2074 insinuari,
2166 1999 2501 2064 Volumus
2543 2003 2614 2062 et
2658 2017 2851 2062 man-

223 2073 570 2189 beggroperly
622 2101 868 2168 damus
920 2104 1152 2168 omnia
1204 2110 1274 2168 et
1326 2103 1594 2189 singula
1648 2104 2060 2180 mansioneS,
2116 2103 2380 2180 domOS,
2436 2102 2725 2178 edificia,
2780 2106 2851 2166 et

261 2191 527 2256 repaired,
625 2213 1020 2272 tenementa
1075 2207 1163 2272 ad
1219 2207 1668 2272 canonicatus
1724 2213 1793 2272 et
1850 2207 2235 2292 prebendas
2291 2227 2451 2272 suos
2506 2205 2852 2291 predictos

621 2310 1214 2397 qualitercumque
1307 2313 1733 2396 pertinencia
1824 2313 2146 2396 perfecte,
2242 2311 2679 2386 sufficienter,
2777 2316 2847 2374 et

623 2414 874 2492 debite,
909 2423 1114 2500 prout
1149 2423 1492 2492 tenentur,
1525 2423 1942 2492 sustentent,
1977 2418 2378 2491 subornent,
2412 2419 2849 2500 supportent,

624 2520 1035 2597 reedificent,
1083 2528 1423 2605 reparent,
1472 2527 1541 2584 et
1586 2527 2014 2596 construant,
2068 2522 2197 2585 sub
2247 2541 2425 2604 pena
2468 2524 2853 2604 sequestra-

623 2625 835 2689 cionis
871 2625 1245 2701 fructuum,
1287 2625 1709 2701 reddituum,
1750 2631 2241 2710 prouentuum,
2281 2631 2350 2688 et
2388 2624 2851 2709 proficuorum

624 2728 1157 2794 Canonicatibus
1251 2736 1321 2793 et
1415 2729 1781 2813 prebendis
1875 2730 2015 2794 suis
2108 2729 2610 2813 pertinencium
2704 2727 2851 2792 siue

623 2834 1115 2917 spectancium,
1185 2855 1265 2898 ac
1331 2835 1548 2898 eciam
1616 2836 1745 2898 sub
1812 2854 1991 2917 pena
2057 2833 2347 2898 aliarum
2412 2851 2851 2898 sensurarum

625 2937 1234 3003 ecclesiasticarum
1264 2939 1333 3002 in
1364 2958 1693 3023 personas
1724 2939 2034 3002 omnium
2066 2943 2135 3002 et
2164 2938 2591 3022 singulorum
2618 2937 2852 3001 huius-

624 3041 811 3106 modi
869 3043 1368 3108 monicionibus
1427 3043 1679 3107 nostris
1742 3043 2065 3128 legitimis
2125 3063 2262 3107 non
2323 3043 2721 3125 parencium
2783 3041 2851 3105 in

623 3146 846 3210 forma
897 3147 1082 3230 Juris
1133 3146 1680 3232 infligendamm.
1780 3146 2089 3231 Insuper,
2145 3146 2565 3211 auctoritate
2613 3151 2857 3210 nostra

269 3241 524 3370 ῒζὲῃξξγθ
625 3251 968 3315 ordinaria
993 3272 1350 3316 monemus
1376 3272 1614 3316 omnes
1640 3260 1709 3316 et
1734 3251 2039 3336 singulos
2064 3250 2468 3334 Capellanos
2494 3249 2857 3314 Cantarias

198 3375 396 3438 priests
417 3388 510 3423 are
537 3379 599 3425 to
623 3361 991 3440 perpetuas
1033 3357 1103 3420 in
1147 3357 1448 3440 presenti
1493 3356 1779 3420 ecclesia
1822 3362 2061 3420 nostra
2105 3355 2353 3440 Colleg.
2401 3354 2853 3439 possidenteS,

225 3441 573 3556 tffiffssffiffi
624 3465 968 3544 quatenus
1012 3459 1273 3537 domOS,
1323 3460 1609 3536 edificia,
1660 3466 1730 3524 et
1777 3464 2177 3525 tenementa
2224 3481 2305 3524 ac
2349 3465 2578 3524 cetera
2622 3456 2857 3523 omnia

275 3573 394 3637 ings
420 3575 532 3623 and
625 3569 695 3628 et
754 3564 1020 3650 singula
1078 3566 1282 3642 bona,
1345 3585 1471 3640 τες,
1534 3571 1605 3628 et
1668 3571 2079 3629 ornamenta
2138 3565 2229 3629 ad
2288 3564 2636 3628 cantarias
2694 3582 2857 3626 suas

308 3641 496 3704 ⁸⁰⁰⁶&
625 3675 991 3752 perpetuas
1059 3669 1657 3753 qualitercumque
1727 3669 2152 3753 pertinencia
2220 3667 2366 3733 siue
2434 3666 2853 3752 spectancia,

625 3773 944 3856 perfecte,
982 3773 1414 3849 sufficienter,
1454 3778 1523 3837 et
1561 3773 1794 3837 debite
1830 3780 2037 3857 prout
2076 3779 2402 3838 tenentur
2434 3770 2853 3847 reedificent,

626 3883 964 3960 reparent,
1049 3883 1482 3961 supportent,
1568 3879 1971 3953 subornent,
2058 3883 2126 3942 et
2212 3877 2594 3952 inueniant,
2679 3876 2857 3940 citra

627 3981 879 4044 festum
905 3981 1139 4045 Sancti
1165 3981 1515 4047 Michaelis
1539 3982 1949 4067 Archangeli
1972 3982 2283 4066 proxime
2306 4001 2491 4046 nunc
2514 3981 2853 4055 futurum,

627 4086 755 4150 sub
803 4105 983 4169 pena
1029 4104 1152 4170 per
1200 4086 1432 4151 omnia
1480 4086 1844 4151 Canonicis
1894 4092 1963 4150 et
2015 4083 2494 4168 Prebendarijs
2542 4083 2857 4170 superius

627 4189 973 4273 imposita.

286 1153 500 1203 within

269 1225 325 1270 18
353 1219 534 1268 weeks

328 4351 477 4400 15¹¹,
800 4331 1139 4395 Vicesimo
1175 4333 1471 4417 septimo
1508 4333 1619 4398 die
1657 4333 1909 4397 mensis
1945 4332 2289 4417 Augusti‚¹
2332 4332 2536 4396 Anno
2572 4330 2855 4396 Domini

271 4407 410 4470 Aug.
443 4419 524 4466 ²7-
625 4435 1048 4520 supradictO,
1102 4436 1412 4520 prefatus
1463 4439 1550 4501 M.
1608 4437 1967 4502 Presidens
2016 4437 2339 4521 Capituli,
2392 4437 2476 4499 de
2526 4435 2853 4501 monicio-

767 4589 782 4612 ⁸
821 4585 974 4634 More
1000 4585 1139 4636 than
1165 4587 1322 4635 three
1345 4587 1525 4636 weeks
1552 4588 1776 4650 beyond
1803 4589 1900 4637 the
1932 4591 1993 4638 18
2020 4587 2217 4638 weeks'
2247 4587 2449 4638 notice.
