3217 5117
556 438 635 497 32
1104 420 1274 485 Tm:
1326 422 1636 485 INfflmw
1689 421 2208 488 MANUsCRn’T.

728 596 959 679 Super
1010 596 1269 679 quibus
1327 596 1392 659 in
1453 596 1780 679 parochia
1836 598 2094 681 Ripon'
2143 612 2210 662 et
2259 599 2426 663 locis
2473 600 2768 664 euicinis

556 695 821 759 laborat
856 696 1133 778 publica
1168 719 1301 762 vox
1336 709 1403 761 et
1436 697 1640 760 fama.
1745 697 1878 760 Per
1916 718 2041 762 vos
2089 698 2345 763 dictum
2397 700 2762 764 dominum

556 792 967 871 Officialem,
1034 809 1430 860 uestrumve
1486 795 2064 861 Commissarium
2125 800 2548 882 generalem,
2612 820 2767 882 pro-

554 896 734 958 batis
800 895 862 958 in
931 895 1063 961 hoc
1123 918 1288 961 casu
1353 899 1439 963 de
1498 898 1643 961 iure
1701 897 2080 980 probandis
2135 898 2647 963 sentencialiter
2699 914 2766 963 et

552 994 940 1071 diffinitum,
979 995 1477 1079 condempnari
1518 1010 1583 1061 et
1627 997 1712 1060 ad
1762 996 2192 1061 solucionem
2243 997 2423 1062 dicte
2469 998 2757 1073 decime,

554 1094 609 1156 si
696 1107 877 1158 extet
959 1095 1297 1178 alioquin,
1380 1098 1466 1160 ad
1553 1097 1703 1161 eius
1781 1096 2300 1162 estimacionem
2387 1098 2760 1181 predictam

552 1193 886 1258 canonice
946 1196 1269 1278 compelli
1334 1208 1398 1263 et
1452 1198 1824 1273 coherceri,
1885 1218 1966 1262 ac
2028 1198 2315 1262 vlterius
2376 1198 2759 1262 secundum

556 1304 867 1356 naturam
904 1307 971 1357 et
1002 1295 1404 1377 qualitatem
1446 1296 1786 1377 premisso
1819 1310 1884 1361 et
1925 1298 2110 1362 dicto
2144 1297 2471 1381 Capitulo
2518 1310 2580 1362 et
2630 1298 2762 1362 sibi

553 1393 704 1458 eius
756 1393 1035 1457 nomine
1083 1392 1228 1458 fieri
1280 1395 1465 1476 quod
1517 1393 1896 1461 Canonicis
1943 1398 2350 1462 conuenerit
2399 1398 2756 1462 institutis·

558 1492 710 1555 Hec
764 1492 949 1567 dicit,
1010 1494 1290 1577 allegat,
1356 1494 1703 1577 proponit,
1762 1496 1948 1577 petit,
2000 1510 2066 1561 et
2125 1500 2414 1580 probare
2473 1498 2767 1561 intendit

552 1591 775 1655 dictus
848 1608 1249 1675 procurator
1327 1594 1609 1658 nomine
1685 1616 1828 1677 quo
1905 1618 2117 1681 supra
2193 1598 2616 1662 coniunctim
2696 1610 2764 1662 et

551 1693 859 1769 diuisim,
916 1694 1083 1757 iuris
1133 1692 1470 1759 beneficio
1520 1695 1586 1758 in
1639 1695 2293 1780 omnibusosemper
2339 1697 2539 1761 saluo
2580 1720 2594 1760 :
2647 1698 2765 1760 lite

551 1792 637 1856 ad
718 1791 1014 1857 eundem
1099 1792 1405 1856 libellum
1490 1794 1716 1877 primo
1795 1816 1914 1878 per
1988 1795 2246 1860 dictum
2325 1794 2596 1881 J'oh'em
2675 1796 2762 1860 dc

561 1890 895 1978 Rouclysf
940 1893 1262 1975 negatiue
1310 1905 1641 1970 contesta,
1685 1895 2071 1959 iuramento
2119 1894 2202 1959 de
2249 1895 2652 1977 calumpnia
2699 1910 2767 1958 ct

553 1993 637 2057 de
665 1993 947 2056 veritate
979 1992 1273 2056 dicenda
1306 2013 1427 2075 per
1462 2007 1972 2075 procuratorem
2009 1994 2188 2058 dicte
2235 1994 2447 2077 partis
2493 1995 2766 2058 actricis

554 2093 935 2156 secundum
992 2090 1211 2173 ipsius
1258 2112 1464 2156 cause
1511 2093 1915 2175 qualitatem
1967 2107 2033 2157 et
2084 2108 2396 2157 naturam
2451 2095 2759 2178 prestitO,

557 2205 959 2275 procurator
1012 2190 1189 2255 dicte
1259 2192 1471 2274 partis
1526 2213 1635 2256 ree
1687 2214 1806 2276 per
1854 2215 1981 2259 nos
2031 2194 2341 2277 legitime
2393 2194 2767 2277 requisitus

556 2293 1018 2355 iuramentum
1058 2290 1459 2355 huiusmodi
1494 2291 1578 2356 de
1612 2294 2014 2377 calumpnia
2055 2305 2356 2376 prestare
2392 2295 2760 2367 recusauit,

553 2413 655 2469 ac,
697 2392 931 2454 habita
963 2390 1470 2455 deliberacione
1504 2412 1659 2455 cum
1707 2393 2076 2456 clientibus
2123 2392 2271 2456 suis
2319 2392 2758 2475 supradictiS,

557 2491 999 2575 postmodum
1082 2512 1311 2555 coram
1382 2491 1581 2554 nobis
1649 2492 1714 2554 in
1780 2491 2071 2556 ecclesia
2139 2492 2376 2569 Ebor.,
2449 2492 2766 2557 videlicet

556 2594 708 2655 loco
740 2590 1131 2655 consistorii
1167 2589 1475 2654 eiusdem
1516 2610 1640 2673 pro
1673 2590 2001 2654 tribunali
2037 2591 2463 2668 sedentibuS,
2501 2592 2768 2675 Magis-

556 2706 660 2756 tro
712 2690 1077 2755 VVillelmo
1132 2690 1217 2755 de
1269 2688 1670 2775 Otryngton
1734 2710 1853 2773 per
1906 2690 2126 2754 dictos
2182 2691 2540 2755 clientelos
2595 2713 2766 2755 suos

555 2791 945 2875 specialiter
1023 2788 1454 2865 informatus,
1522 2804 1588 2853 et
1668 2788 2071 2852 mandatum
2155 2790 2421 2854 habens
2483 2790 2568 2853 ad
2635 2790 2768 2855 boc

556 2890 855 2973 speciale
888 2889 1145 2953 dictum
1186 2890 1648 2953 iuramentum
1687 2889 2058 2971 calumpne
2096 2902 2418 2971 prestare,
2458 2890 2636 2954 sicut
2669 2892 2758 2953 al.

560 2990 922 3064 recusauit,
966 3010 1233 3053 necnon
1276 3004 1547 3052 narrata
1582 2990 1648 3052 in
1685 2988 1869 3052 dicto
1905 2989 2140 3053 libello
2175 3010 2337 3053 vera
2375 3010 2527 3053 esse
2577 2990 2766 3051 iuxta

556 3090 845 3155 formam
882 3090 1243 3154 cuiusdam
1284 3088 1733 3172 procuratorii
1770 3103 1836 3152 et
1887 3088 2189 3153 mandati
2241 3088 2371 3152 sibi
2425 3090 2649 3153 traditi
2701 3103 2769 3153 et

555 3190 891 3263 concessi,
960 3209 1191 3252 coram
1275 3188 1476 3251 nobis
1544 3187 1833 3252 exhibiti
1899 3202 1964 3253 et
2025 3188 2639 3271 dimissi‚.sponte
2701 3202 2769 3253 et

555 3290 963 3373 simpliciter
1024 3286 1364 3351 fatebatur
1425 3289 1668 3352 volens
1733 3287 1800 3349 in
1869 3287 2098 3371 petitis
2161 3300 2228 3351 et
2287 3288 2631 3352 contentis
2695 3287 2763 3349 in

557 3391 793 3455 libello
866 3388 1169 3472 predicto
1250 3408 1369 3470 per
1447 3400 1750 3451 nostram
1831 3388 2254 3451 sentenciam
2321 3386 2762 3451 diffinitiuam

555 3489 1076 3573 condempnari.
1201 3486 1426 3563 Vnde,
1514 3508 1641 3551 nos
1719 3486 2266 3551 Commissarius
2348 3488 2760 3561 antedictuS.

556 3589 1010 3655 consideratis
1057 3602 1123 3653 et
1168 3587 1448 3650 attentis
1494 3587 1825 3651 omnibus
1877 3587 2233 3669 premissis
2280 3608 2509 3651 coram
2566 3588 2768 3651 nobis

556 3690 869 3756 deductis
924 3702 989 3753 et
1048 3686 1459 3751 iudicialiter
1512 3686 1819 3770 agitatis,
1880 3686 2065 3772 Quia
2125 3687 2523 3750 inuenimus
2577 3687 2764 3769 quod

558 3791 739 3854 dicta
774 3810 935 3872 pars
968 3808 1081 3851 rea
1118 3788 1580 3850 iuramentum
1618 3787 1990 3868 calumpne
2041 3800 2344 3868 prestare
2395 3786 2760 3861 recusauit,

558 3903 622 3953 et
679 3889 1143 3953 intencionem
1194 3887 1372 3951 dicte
1425 3886 1638 3968 partis
1686 3884 1958 3949 actricis
2005 3905 2236 3949 coram
2287 3886 2618 3949 omnibus
2665 3900 2768 3950 est

559 3988 897 4063 confessa,
980 3987 1231 4051 dictam
1324 3998 1583 4068 partem
1667 4004 1850 4049 ream
1935 3985 2000 4047 in
2080 3984 2349 4049 decima
2424 3985 2760 4049 dictarum

558 4091 891 4154 siluarum
932 4088 997 4150 in
1034 4086 1218 4151 dicto
1254 4086 1488 4151 libello
1520 4084 1814 4149 deducta
1847 4096 1910 4148 et
1955 4084 2178 4166 posita
2229 4106 2347 4167 per
2395 4105 2761 4167 personam

556 4190 715 4253 dicti
777 4186 1244 4271 procuratoris
1305 4187 1436 4261 sui,
1498 4185 2012 4250 sentencialiter
2064 4198 2130 4249 et
2184 4183 2550 4249 diffinitiue
2605 4206 2768 4249 con-

556 4289 1043 4371 dempnamuS,
1106 4300 1172 4350 et
1228 4285 1294 4347 in
1360 4285 1686 4367 expensis
1736 4284 1802 4347 in
1855 4283 2038 4348 dicta
2083 4304 2296 4347 causa
2347 4306 2466 4367 per
2510 4284 2761 4349 dictam

560 4403 820 4471 partem
855 4386 1172 4451 actricem
1226 4382 1421 4448 factis
1468 4396 1533 4448 et
1579 4383 1944 4467 appositiS,
1984 4404 2278 4465 quarum
2331 4386 2762 4449 taxacionem

560 4488 761 4553 nobis
823 4486 1215 4571 specialiter
1279 4505 1715 4548 reseruamus
1777 4497 2125 4567 quatenus
2187 4484 2272 4548 de
2323 4484 2468 4547 iure
2519 4486 2585 4549 in
2639 4484 2766 4548 hac
