3217 5117
1100 448 1288 513 Acrs
1335 462 1427 513 or
1472 445 1831 513 CHAPTER.
2452 464 2573 527 131

356 646 514 690 cum
596 626 745 691 Deo
822 627 1200 711 poterimus
1278 645 1700 711 promouere.
1798 626 1973 691 Sane
2052 647 2211 692 cum
2289 625 2573 711 quidam

357 728 706 795 Galfridus
759 731 1016 795 Larder
1061 732 1224 796 olim
1279 729 1661 797 Canonicus
1716 730 1992 795 ecclesie
2045 737 2276 796 nostre
2324 730 2569 815 Colleg.

357 833 450 897 b'i
505 833 800 898 wilfridi
855 834 1105 919 Ripon’
1161 836 1516 920 quandam
1571 835 1967 900 Cantariam
2023 842 2428 921 perpetuam
2485 835 2573 899 ad

357 937 574 1002 altare
626 938 860 1003 Sancti
912 938 1184 1004 Andree
1238 939 1306 1003 in
1360 938 1548 1004 dicta
1598 939 1880 1005 ecclesia
1932 942 2062 1005 sub
2112 946 2301 1005 certa
2354 940 2575 1004 forma

356 1040 752 1107 fundauerit
793 1049 862 1107 et
901 1043 1124 1107 eidem
1164 1042 1484 1108 Cantarie
1522 1050 1745 1109 certos
1786 1050 2003 1109 terras
2043 1050 2112 1109 et
2153 1044 2463 1109 redditus
2506 1045 2573 1109 in

357 1145 536 1210 villis
590 1145 676 1210 de
732 1146 1154 1231 Wynkeslay
1209 1153 1278 1211 et
1337 1145 1587 1230 Ripon’
1649 1148 1913 1213 dederit
1971 1154 2039 1213 et
2098 1148 2571 1233 assignauerit,

355 1256 564 1333 prout
625 1250 694 1316 in
758 1257 950 1316 carta
1010 1252 1170 1316 inde
1231 1252 1546 1317 confecta
1608 1252 1876 1336 plenius
1936 1254 2350 1328 continetur,
2415 1254 2573 1318 sub-

355 1360 722 1439 sequenter
753 1356 1160 1420 venerabilis
1194 1356 1301 1420 vir
1333 1362 1402 1419 et
1439 1356 1731 1422 dilectus
1766 1357 1834 1421 in
1870 1378 2008 1441 xpo
2044 1356 2220 1422 filius
2254 1357 2573 1423 dominus

356 1460 587 1524 Dauid
655 1460 742 1525 de
809 1459 1102 1525 Wollore
1171 1459 1555 1526 Canonicus
1624 1462 1899 1526 ecclesie
1968 1469 2199 1527 nostre
2268 1462 2573 1546 predicte

355 1564 642 1647 prouide
692 1564 1059 1629 attendens
1106 1565 1293 1649 quod
1345 1565 1657 1631 redditus
1704 1572 1773 1630 et
1825 1572 2202 1650 prouentus
2253 1566 2571 1632 Cantarie

358 1668 661 1753 predicte
712 1669 832 1754 qui
881 1669 1344 1754 quadraginta
1395 1670 1648 1735 solidos
1699 1691 1820 1755 per
1870 1691 2129 1735 annum
2179 1672 2573 1737 nullatenus

359 1774 784 1839 excedebant
827 1774 916 1838 ad
958 1794 1330 1859 congruam
1372 1776 1956 1840 sustentacionem
1998 1777 2200 1841 vnius
2240 1777 2575 1861 capellani

360 1878 597 1942 diuina
621 1879 690 1943 in
717 1879 955 1943 eadem
981 1879 1386 1945 celebraturi
1413 1886 1482 1944 et
1509 1880 1598 1945 ad
1623 1902 1831 1945 onera
1856 1880 2076 1945 eidem
2102 1882 2576 1949 incumbencia

359 1982 594 2047 debite
647 1984 1124 2068 supportanda
1174 1982 1479 2048 sufficere
1541 2006 1680 2050 non
1743 1992 2071 2070 poterunt
2128 1985 2261 2070 hijs
2311 1985 2575 2063 diebus,

362 2087 689 2172 quodque
757 2088 944 2153 dicta
1004 2087 1328 2153 Cantaria
1387 2094 1668 2173 propter
1728 2090 2071 2155 notoriam
2131 2091 2437 2175 inopiam
2499 2112 2578 2155 ac

359 2192 916 2257 insufficienciam
1003 2199 1469 2277 prouentuum
1555 2193 1861 2259 eiusdem
1948 2195 2145 2259 stetit
2232 2216 2353 2279 per
2438 2218 2576 2261 non

355 2296 630 2361 modica
699 2304 1012 2382 tempora
1085 2298 1281 2381 quasi
1352 2318 1573 2363 vacua
1642 2305 1713 2363 et
1782 2299 2112 2373 desolata,
2185 2320 2265 2364 ac
2336 2300 2576 2385 officijs

353 2401 609 2467 diuinis
643 2402 920 2487 penitus
951 2402 1310 2477 destituta,
1339 2407 1408 2466 et
1444 2407 1810 2486 propterea
1832 2403 1941 2486 pie
1977 2402 2310 2467 affectans
2343 2403 2575 2468 huius-

354 2506 543 2571 modi
584 2508 880 2572 exilitati
920 2508 1082 2572 noui
1125 2506 1560 2591 apposicione
1601 2506 1878 2590 remedij
1926 2527 2273 2572 occurrere
2316 2508 2575 2573 intuitu

354 2612 686 2689 caritatiS‚
743 2612 833 2677 ad
894 2612 1170 2677 laudem
1233 2612 1358 2676 Dei
1423 2617 1491 2675 et
1554 2608 1662 2675 sui
1714 2610 1941 2675 cultus
1988 2617 2439 2695 augmentum
2494 2632 2574 2676 ac

355 2717 742 2782 animarum
790 2718 1106 2792 salutem,
1155 2722 1344 2781 certa
1390 2714 1722 2789 reddituS,
1774 2720 2009 2789 ἴθι-τας,
2061 2722 2131 2779 et
2178 2721 2576 2780 tenementa

353 2822 424 2885 in
475 2821 640 2886 villa
693 2820 921 2905 Ripon
973 2820 1292 2886 Cantarie
1343 2820 1647 2905 predicte
1695 2819 1783 2883 de
1833 2818 2113 2883 licencia
2165 2820 2305 2884 d'ni
2359 2821 2573 2884 nostri

356 2924 564 3009 Regis
589 2937 608 2967 ¹
651 2931 721 2989 et
755 2931 990 2990 nostra
1011 2935 1038 2965 2
1079 2946 1159 2989 ac
1191 2925 1500 2989 omnium
1531 2924 1823 2989 aliorum
1852 2945 2148 3009 quorum
2180 2924 2463 2989 interest
2504 2926 2575 2990 in

353 3030 484 3094 hac
525 3036 722 3113 parte
762 3029 1161 3114 adquisiuit,
1205 3035 1274 3093 et
1315 3049 1396 3093 ea
1435 3028 1599 3093 d’no
1641 3028 1943 3111 Johanni
1986 3027 2166 3092 Clint
2208 3028 2575 3113 Capellano

355 3132 674 3198 Cantarie
706 3133 1010 3219 predicte
1040 3139 1110 3197 et
1141 3133 1642 3198 successoribus
1671 3131 1811 3197 suis
1841 3130 2226 3215 Capellanis
2256 3131 2575 3197 Cantarie

354 3238 660 3322 predicte
706 3237 945 3303 diuina
991 3238 1060 3302 in
1110 3236 1392 3301 ecclesia
1445 3242 1683 3301 nostra
1736 3236 1860 3322 (57)
1919 3235 2166 3319 Ripon'
2220 3236 2309 3300 ad
2358 3236 2574 3300 altare

353 3344 742 3428 predictum
816 3363 941 3426 pro
1015 3342 1320 3426 personis
1395 3347 1463 3405 et
1539 3341 1904 3406 animabus
1978 3340 2429 3425 infrascriptis
2504 3341 2573 3405 in

355 3448 576 3513 forma
622 3468 757 3533 que
805 3446 1116 3532 sequitur
1164 3447 1671 3531 imperpetuum
1719 3445 2182 3519 celebraturiS,
2235 3445 2303 3509 in
2350 3445 2573 3509 vberi-

351 3572 542 3617 orem
631 3550 1215 3617 sustentacionem
1309 3549 1681 3614 eorundem
1772 3553 2128 3633 gratanter
2218 3547 2411 3612 dedit
2502 3554 2572 3613 et

349 3656 686 3719 concessit
723 3661 793 3719 et
829 3675 950 3739 per
983 3674 1181 3719 suam
1217 3660 1482 3718 cartam
1516 3652 1725 3717 libere
1760 3652 2218 3729 confirmauit,
2258 3657 2463 3735 prout
2500 3652 2570 3718 in

349 3766 548 3823 carta
592 3759 984 3824 huiusmodi
1032 3759 1296 3843 plenius
1342 3757 1756 3833 continetur,
1806 3762 1875 3821 et
1921 3776 2125 3839 super
2170 3757 2297 3820 hoc
2343 3755 2571 3822 dictus

347 3862 508 3928 d'ns
569 3862 799 3929 Dauid
857 3863 1056 3928 nobis
1115 3862 1466 3927 humiliter
1523 3860 1941 3947 supplicauit
2003 3866 2104 3935 vt,
2168 3861 2315 3925 visa
2376 3868 2569 3927 carta

347 3968 664 4053 predicta
741 3973 812 4032 et
890 3966 1040 4032 aliis
1117 3967 1186 4031 in
1267 3968 1396 4031 hac
1474 3972 1672 4051 parte
1750 3964 2094 4050 requisitis
2172 3964 2567 4033 Cantariam

345 4073 736 4159 predictam
766 4077 835 4136 et
866 4070 1374 4136 ordinacionem
1405 4070 1562 4135 inde
1595 4071 1853 4135 factam
1885 4070 2302 4136 auctoritate
2331 4078 2567 4137 nostra

345 4178 697 4242 ordinaria
721 4175 1124 4242 confirmare
1151 4180 1221 4239 et
1247 4173 1585 4239 ratificare
1612 4174 1863 4239 nostris
1890 4174 2103 4239 literis
2128 4194 2520 4241 curaremus
2550 4197 2565 4252 ;

345 4281 560 4347 Cuius
615 4280 895 4365 quidem
951 4286 1138 4345 carte
1195 4277 1362 4344 dicti
1418 4277 1562 4343 d'ni
1622 4278 1850 4343 Dauid
1908 4285 2107 4344 tenor
2161 4299 2283 4363 per
2338 4281 2569 4345 omnia

466 4500 637 4507 --.---.-

496 4541 512 4564 ⁸
549 4536 718 4584 luem.
751 4535 950 4599 Ripon‚
980 4534 1100 4583 Vol.
1133 4534 1174 4591 Ι,
1213 4535 1324 4582 161.
1473 4538 1494 4560 ²
1529 4532 1698 4579 Mem.
1730 4531 1927 4593 Ripon‚
1960 4528 2079 4578 Vol.
2112 4528 2186 4586 ΙΙ,
2222 4544 2335 4593 127.

2722 627 2893 677 Galfr.

2688 695 2912 751 Larder,

2691 762 2783 810 the
2812 758 2929 809 first

2675 828 2924 877 founder.

2662 1348 2843 1397 David
2873 1350 2941 1397 dc·

2644 1415 2881 1465 Wollore
2910 1416 2954 1463 is

2624 1496 2860 1545 augmen
2868 1482 2985 1545 ting

2756 1550 2850 1598 the

2614 1616 2967 1665 endowment
2976 1656 2987 1673 ,

2675 3759 2783 3807 and
2814 3758 2914 3807 has

2634 3826 2839 3888 sought
2866 3826 2961 3873 the

2672 3892 2925 3941 sanction

2703 3959 2762 4008 of
2788 3960 2885 4009 the

2619 4026 2971 4090 archbishop.
