3217 5117
1098 454 1285 518 ACTs
1331 471 1423 517 oF
1468 453 1827 519 CHAPTER.
2446 451 2570 535 187

355 632 531 715 (283)
582 632 979 715 (Induction
1019 638 1093 697 to
1132 633 1251 697 the
1290 632 1609 717 Canonry
1648 633 1786 698 and
1826 632 2138 697 Prebend
2177 633 2249 696 of
2284 632 2566 716 Thorp).

525 762 923 847 Capitulum
988 815 1000 827 .
1068 814 1081 827 .
1149 815 1161 828 .
1227 762 1487 848 Mag'ro
1545 761 1774 827 Will’o
1832 762 2020 845 Gray
2077 782 2266 826 sacre
2324 761 2570 845 pagine
2701 776 2908 834 1447·8.

351 867 713 951 professori
751 919 764 932 .
805 920 817 931 .
857 866 946 931 ad
981 867 1145 933 Can.
1182 873 1254 931 et
1287 888 1387 951 pr.
1425 866 1510 931 de
1543 866 1794 951 Thorp.
1870 919 1881 931 .
1925 918 1938 931 .
1975 872 2304 931 vacantes
2339 872 2408 929 et
2442 865 2570 929 tibi
2671 841 2796 904 Jan.
2835 854 2911 902 ¹³·

448 1024 460 1035 .
535 970 825 1035 collatos
896 970 965 1035 in
1037 992 1399 1055 personam
1472 970 1745 1035 discreti
1817 970 1946 1035 viri
2020 970 2258 1055 Mag’n'
2333 969 2571 1033 Rob'ti

351 1075 690 1140 Thwartis
716 1076 1177 1160 procuratoris
1206 1076 1308 1140 tui
1340 1128 1351 1139 .
1389 1128 1400 1140 .
1433 1075 1854 1152 induximuS,
1886 1082 2020 1151 etc„
2052 1096 2126 1139 as
2153 1075 2230 1139 in
2256 1075 2328 1138 N
2331 1096 2385 1139 0.
2418 1093 2566 1158 273.

357 1228 531 1311 (284)
626 1229 983 1294 Amvnssm
1073 1246 1557 1294 VENERABILIS
1648 1247 1797 1294 vnn
1889 1229 2154 1295 MAG'RI
2246 1228 2562 1307 GEORGIJ

438 1332 723 1398 NEv1LE
770 1351 869 1398 AD
918 1350 1125 1399 PREB.
1179 1351 1276 1397 DE
1323 1334 1644 1398 Tnonpss.

436 1479 445 1487 '
524 1463 921 1548 Capitulum
952 1516 965 1527 .
1000 1515 1012 1528 .
1044 1463 1303 1548 Mag'ro
1329 1462 1621 1548 Georgio
1647 1462 1887 1527 Nevile
1911 1464 2134 1528 Oxon.
2165 1463 2568 1528 cancellario
2721 1499 2869 1547 1454.

355 1619 366 1630 .
402 1620 415 1632 .
452 1620 464 1631 .
497 1567 586 1631 ad
617 1567 779 1633 Can.
812 1574 881 1632 et
911 1568 1019 1633 Pr.
1052 1568 1136 1632 de
1164 1568 1396 1652 Thorp
1428 1620 1441 1632 .
1478 1620 1490 1632 .
1522 1574 1852 1632 vacantes
1880 1575 1949 1631 et
1979 1568 2105 1632 tibi
2139 1620 2152 1632 .
2188 1620 2200 1632 .
2238 1620 2250 1632 .
2283 1568 2568 1632 collatos
2680 1552 2818 1616 Aug.
2847 1566 2898 1613 4·

350 1672 420 1736 in
448 1692 812 1756 personam
840 1672 1038 1737 discr.
1070 1672 1201 1736 viri
1229 1672 1468 1757 Mag’ri
1497 1672 1705 1736 Will'i
1735 1672 2079 1756 Lampton
2109 1673 2568 1757 procuratoris

351 1776 453 1841 tui
492 1828 505 1841 .
548 1829 562 1841 .
602 1776 1021 1852 induximuS,
1060 1784 1195 1851 etc„
1234 1798 1308 1841 as
1343 1777 1419 1841 in
1454 1777 1587 1841 No,
1630 1794 1778 1860 273.

346 1937 445 2017 69.
850 1931 1023 2015 (285)
1083 1932 1263 2012 (Will
1311 1932 1383 1995 of
1427 1932 1727 1996 William
1774 1932 2073 2015 Cawod).

526 2061 609 2125 In
656 2060 784 2124 Dei
831 2060 1127 2135 nomine,
1176 2061 1418 2125 Amen.
1514 2061 1663 2145 Ego
1709 2056 1998 2126 Will’ms
2046 2061 2316 2137 Cawod,
2365 2083 2566 2129 cano·
2673 2110 2915 2157 141940,

348 2165 541 2229 nicus
624 2164 1061 2229 ecclesiarum
1146 2164 1575 2229 Cathedralis
1661 2166 1848 2229 beati
1933 2165 2118 2229 Petri
2203 2167 2408 2231 Ebor.
2496 2174 2565 2231 et
2688 2164 2819 2213 Feb.
2853 2178 2898 2225 3-

348 2268 715 2353 Collegiate
750 2268 1023 2353 Ripon',
1062 2269 1316 2333 Rector
1348 2269 1624 2333 ecclesie
1661 2270 2068 2353 parochialis
2106 2270 2190 2334 de
2222 2271 2562 2349 Warton,¹

349 2372 889 2438 Archidiaconus
949 2373 1359 2438 Richmond’
1420 2374 1627 2438 Ebor.
1689 2373 1887 2449 dioc,
1946 2395 2154 2439 sanus
2209 2381 2440 2440 mente
2495 2382 2566 2439 et
2610 2363 2981 2481 ξῖθξὲζέἳὲξὸ

352 2498 633 2562 corpore
676 2478 996 2553 existen3‚
1043 2478 1596 2563 prospiciensque
1640 2484 1710 2542 et
1753 2478 2136 2564 intelligens
2177 2480 2364 2564 quod
2407 2501 2565 2546 cum
2767 2472 2776 2478 ’
2951 2470 2962 2481 ’

348 2602 595 2666 corpus
658 2582 847 2667 viget
911 2582 1210 2646 sanitate
1275 2588 1344 2646 et
1410 2603 1601 2646 mens
1666 2603 1786 2667 per
1849 2582 2195 2668 langorem
2259 2605 2396 2649 non
2461 2592 2565 2649 est

348 2686 632 2751 interius
682 2686 1037 2771 impedita,
1093 2693 1259 2752 tunc
1310 2688 1518 2751 homo
1566 2687 1853 2771 pleniori
1903 2688 2126 2752 vtitur
2175 2689 2444 2753 racione
2494 2697 2564 2754 et

346 2790 587 2855 vltime
647 2790 1031 2855 voluntatis
1090 2811 1211 2856 sue
1270 2791 1809 2856 declaracionem
1871 2792 1939 2856 in
1999 2814 2140 2877 qua
2200 2794 2564 2877 tranquille

345 2895 597 2959 mentis
662 2893 953 2959 racionis
1018 2916 1182 2960 vsus
1248 2895 1547 2980 exigitur
1611 2895 1952 2960 salubrius
2017 2903 2088 2960 et
2153 2896 2564 2981 prudencius

345 2999 621 3064 ordinat
668 3004 737 3063 et
782 2998 1105 3083 disponit.
1202 3000 1296 3064 Et
1340 3006 1706 3084 propterea
1749 3000 1917 3065 dum
1961 3000 2182 3065 lucem
2227 3002 2449 3066 habeo
2493 3003 2563 3067 in

342 3104 491 3168 luce
546 3102 900 3167 ambulare
954 3103 1365 3180 desideranS,
1425 3104 1507 3168 In
1560 3105 1836 3169 nomine
1889 3104 2105 3189 patris
2159 3111 2228 3169 et
2282 3105 2432 3190 Filij
2493 3114 2564 3171 et

342 3207 639 3292 Spiritus
707 3208 963 3283 Sancti,
1027 3208 1287 3285 Amen;
1372 3207 1600 3272 animo
1663 3207 1999 3273 condendi
2064 3215 2561 3275 testamentum

341 3332 573 3375 meum
596 3332 677 3376 ac
698 3310 912 3375 eciam
934 3311 1252 3375 vltimam
1273 3312 1709 3376 voluntatem
1731 3332 1956 3377 meam
1978 3314 2285 3397 apercius
2306 3314 2560 3379 declar·
2613 3303 2715 3351 His
2741 3306 2858 3419 ἔξω
2889 3310 2950 3356 to

341 3415 527 3491 andi,
567 3415 977 3480 commendo
1023 3416 1341 3481 miseram
1390 3417 1693 3481 animam
1741 3436 1966 3481 meam
2013 3417 2190 3482 illius
2233 3418 2560 3484 immense
2626 3388 2944 3493 Redessiner.

341 3519 799 3584 misericordie
841 3520 960 3603 qui
1005 3520 1310 3604 precioso
1346 3520 1678 3605 sanguine
1719 3540 1843 3585 suo
1886 3521 2410 3587 misericorditer
2451 3543 2559 3588 me
2604 3554 2704 3604 His
2733 3556 2884 3623 body
2911 3566 2972 3611 to

340 3624 654 3700 redemit,
690 3630 757 3689 et
791 3644 1037 3708 corpus
1074 3645 1303 3689 meum
1337 3626 1660 3689 miserum
1694 3625 1958 3709 sepeliri
1999 3626 2176 3690 infra
2209 3627 2558 3693 ecclesiam
2636 3637 2741 3737 0¹1¹?
2766 3626 2825 3673 0¹
2851 3626 2934 3677 his

341 3728 729 3813 aliquorum
758 3728 1240 3793 beneficiorum
1269 3749 1577 3794 meorum
1604 3729 1674 3793 in
1700 3750 1839 3814 quo
1863 3735 1933 3793 et
1959 3728 2076 3794 ubi
2101 3730 2424 3795 decedere
2449 3752 2558 3797 me
2645 3704 2676 3738 e
2717 3693 2928 3744 urehes.

340 3832 716 3917 continget.
812 3832 906 3896 Et
977 3834 1032 3896 si
1103 3833 1462 3918 contingat
1533 3853 1780 3917 corpus
1851 3854 2080 3898 meum
2151 3834 2414 3919 sepeliri
2488 3836 2557 3901 in
2611 3806 2961 3938 ὲέζὲθὲζῐῗὸ

340 3936 599 4001 Eccl'ia
625 3936 821 4001 Cath.
850 3936 1081 4013 Ebor.,
1111 3943 1277 4001 tunc
1303 3937 1450 4022 lego
1475 3937 1754 4002 cuilibet
1780 3937 2110 4002 canonico
2133 3945 2204 4002 et
2228 3940 2558 4006 confratri
2609 3940 2768 4017 thqse
2783 3949 2966 4023 asten-

338 4040 647 4105 eiusdem
678 4040 835 4105 eccl.
871 4041 1077 4105 Ebor.
1113 4041 1542 4105 interessenti
1572 4041 1883 4126 exequiis
1914 4041 2080 4106 meis
2112 4043 2552 4122 funeralibuS‚
2662 4008 2912 4131 ῗᾷιζὶτὲἷε

337 4145 468 4229 vjs.
546 4143 739 4229 viijd.
858 4145 951 4209 Et
1021 4144 1301 4209 cuilibet
1372 4166 1658 4230 persone
1729 4153 1799 4210 et
1868 4146 2125 4210 vicario
2194 4147 2264 4211 in
2334 4148 2557 4214 Choro

337 4249 646 4314 eiusdem
711 4248 985 4313 ecclesie
1049 4248 1304 4314 eisdem
1370 4249 1680 4334 exequijs
1744 4250 2193 4327 interessenti,
2261 4251 2365 4335 ijs.
2461 4253 2556 4317 Et

333 4352 619 4418 cuilibet
659 4352 949 4418 diacono
989 4353 1202 4418 eiusd.
1245 4354 1401 4418 eccl.
1447 4353 1609 4418 eisd.
1655 4374 1847 4439 exeq.
1891 4355 2340 4431 interessenti,
2383 4356 2551 4441 xijd.

480 4496 495 4519 ¹
536 4490 603 4537 In
644 4489 992 4545 Lancashire‚
1028 4504 1100 4537 on
1142 4488 1489 4537 Morecambe
1526 4490 1648 4552 Bay
1677 4504 1690 4549 ;
1755 4489 1851 4538 the
1885 4490 2038 4539 Dean
2079 4492 2190 4539 and
2225 4491 2467 4554 Chapter
2500 4494 2560 4543 of

332 4557 649 4606 W'orcoeter
675 4572 769 4605 are
795 4571 919 4605 now
946 4557 1043 4605 the
1068 4556 1508 4619 impropriators,
1535 4558 1648 4605 and
1675 4562 1906 4620 patrous
1933 4558 1990 4606 οἱ
2017 4557 2114 4606 the
2141 4558 2411 4623 vicarage.
