3217 5117
1187 449 1376 516 Acr's
1422 469 1514 517 or
1560 451 1919 517 CHAPTER.
2536 449 2663 532 265

441 651 831 697 marcarum
870 631 978 696 vel
1012 631 1296 696 alicuius
1329 630 1620 716 parcelle
1660 631 1984 706 eiusdem,
2020 651 2140 695 seu
2177 630 2361 695 dicte
2399 650 2666 695 summe

437 736 904 821 quadraginta
959 734 1332 800 solidorum
1388 735 1668 800 nomine
1723 756 1917 820 pene,
1978 743 2101 800 aut
2159 735 2343 800 dicte
2398 755 2665 800 summe

436 841 745 925 quinque
781 860 1168 906 marcarum
1203 841 1300 905 sic
1324 841 1594 906 racione
1628 839 2061 925 allegacionis
2090 840 2275 924 pred.
2305 859 2657 904 concessa-

437 965 614 1022 rum,
654 945 784 1010 nisi
827 945 1316 1011 tantummodo
1357 946 1907 1030 acquietanciam
1948 945 2056 1010 vel
2097 945 2289 1010 aliud
2328 944 2665 1029 scripturn

438 1055 726 1135 portans
763 1050 925 1116 Dat.
967 1051 1037 1117 in
1074 1051 1183 1116 do.
1225 1050 1339 1116 Ca.
1381 1049 1802 1134 supradicta.

619 1231 717 1295 Et
759 1231 1050 1310 insuper
1103 1230 1540 1296 concedimus
1595 1250 1716 1314 per
1761 1238 2129 1315 presentes,
2181 1230 2369 1315 quod
2424 1230 2479 1294 si
2536 1250 2661 1294 nos
2787 1250 2835 1297 11
2863 1250 2997 1312 they

438 1333 607 1400 dicti
663 1335 853 1401 Prior
905 1340 974 1400 et
1026 1334 1425 1400 Conuentus
1475 1334 2016 1420 allegauerimuS,
2071 1356 2191 1399 seu
2242 1355 2661 1400 successores
2712 1317 3073 1446 pffifffiissffi'o

439 1439 656 1504 nostri
711 1438 1156 1525 allegauerint
1212 1439 1514 1524 aliquam
1569 1439 1776 1504 aliam
1831 1440 2249 1505 solucionem
2302 1460 2515 1525 quam
2570 1437 2659 1504 ad
2732 1451 2877 1499 have
2904 1449 3043 1499 been

436 1545 705 1611 dictum
749 1545 965 1610 altare
1011 1545 1291 1620 factam,
1339 1545 1483 1609 siue
1528 1544 1809 1629 aliquod
1852 1545 2187 1629 scriptum
2234 1545 2342 1608 vel
2388 1544 2659 1629 acquie-
2687 1517 2853 1633 ‘¹¹2‘ss
2886 1517 3087 1648 Rpgthat

331 1655 340 1668 “
437 1650 744 1714 tanciam
793 1649 954 1715 alibi
1006 1656 1291 1734 portans
1340 1649 1483 1714 dat.
1538 1669 1753 1734 quam
1804 1649 1873 1714 in
1924 1647 2112 1714 dicta
2161 1649 2271 1714 do.
2326 1648 2440 1714 Ca.
2495 1649 2655 1714 eccl.
2774 1650 2920 1699 altar
2944 1654 3005 1699 at

436 1753 600 1820 Coll.
662 1755 746 1819 de
806 1753 1054 1838 Ripon‚
1116 1755 1224 1819 vel
1281 1754 1561 1838 aliquod
1620 1753 1808 1818 aliud
1864 1772 1985 1837 per
2040 1773 2163 1817 nos
2220 1759 2290 1816 et
2346 1773 2525 1818 suco.
2588 1773 2653 1817 n.
2690 1717 3089 1847 ξᾏῇζῖξξζέἑζγ

437 1859 811 1944 allegatum
903 1860 1012 1923 vel
1103 1859 1540 1944 allegandum
1634 1857 1839 1922 fuerit
1932 1857 2001 1922 in
2093 1857 2656 1922 exoneracionem
2689 1851 3087 1966 ῡΰὲἑὲῡῑῖἑτξῑω

437 1964 804 2029 solucionis
875 1963 1042 2031 dicti
1115 1964 1324 2029 annui
1400 1963 1709 2029 redditus
1781 1961 2016 2027 decem
2088 1982 2474 2028 marcarum
2548 1962 2658 2027 vel
2756 1933 2942 2041 hunge,
2973 1985 3019 2033 it

439 2069 726 2134 alicuius
775 2067 1066 2154 parcelle
1116 2069 1420 2134 eiusdem
1471 2074 1595 2133 aut
1648 2067 1933 2131 alicuius
1983 2067 2273 2152 parcelle
2323 2088 2657 2152 penarum
2684 2051 2825 2100 ⁵¹¹²²¹¹
2864 2051 2932 2100 be
2971 2052 3085 2100 '¹⁰¹¹

439 2174 926 2258 predictarum,
966 2194 1264 2239 vacuum
1301 2173 1392 2238 sit
1431 2180 1498 2238 et
1537 2171 1789 2237 nullius
1827 2171 2097 2256 vigoris
2744 2118 2855 2167 aad
2882 2118 3032 2168 void.

619 2355 717 2419 Et
758 2355 820 2420 si
863 2356 1254 2434 contingat,
1299 2353 1488 2438 quod
1543 2351 1747 2427 absit,
1805 2352 1993 2436 quod
2050 2372 2173 2416 nos
2238 2351 2405 2416 dicti
2469 2353 2662 2417 Prior
2728 2357 2776 2404 1f
2803 2357 2936 2420 they
2968 2357 3064 2406 fail

438 2463 510 2522 et
545 2457 942 2523 Conuentus
975 2478 1096 2523 seu
1129 2477 1548 2522 successores
1581 2455 1711 2520 n’ri
1745 2455 2213 2534 defecerimuS,
2254 2462 2377 2522 aut
2412 2457 2659 2542 aliquis
2689 2425 3087 2553 ωαὲζζζίξὴζγ

439 2569 754 2627 nostrum
830 2561 1155 2627 defecerit
1232 2562 1298 2627 in
1375 2560 1720 2626 solucione
1795 2560 1983 2644 pred.
2064 2560 2275 2626 annui
2350 2560 2661 2626 redditus
2706 2557 2973 2672 gisssraint
2999 2572 3071 2606 0¹¹

440 2665 676 2732 decem
721 2687 1129 2742 marcarum,
1177 2666 1287 2730 vel
1332 2665 1619 2730 alicuius
1664 2664 1953 2749 parcelle
1998 2665 2303 2731 eiusdem
2348 2666 2438 2730 ad
2484 2666 2661 2732 festa
2711 2638 3072 2742 oieiseffissssgr

441 2771 751 2856 predicta
792 2776 862 2835 et
905 2792 1025 2856 per
1065 2771 1371 2856 quinque
1413 2769 1837 2854 septimanas
1880 2775 2039 2854 post
2082 2770 2363 2855 aliquod
2406 2769 2660 2835 festum

440 2875 1019 2960 prenominatum,
1071 2896 1191 2940 seu
1252 2875 1321 2939 in
1384 2873 1730 2939 solucione
1794 2873 2138 2939 dictorum
2200 2874 2663 2960 quadraginta

441 2978 815 3044 solidorum
883 2979 1155 3044 nomine
1222 2999 1394 3063 pene
1459 2998 1964 3045 concessorum.
2019 2980 2128 3043 vel
2194 2979 2263 3044 in
2317 2979 2664 3044 solucione

441 3084 748 3169 quinque
785 3103 1172 3149 marcarum
1212 3085 1481 3149 racione
1520 3083 1953 3169 allegac'ionis
1989 3084 2295 3169 predicte
2332 3083 2403 3149 in
2442 3083 2663 3149 forma

443 3188 752 3271 predicta
782 3207 1278 3265 concessarum,
1313 3194 1570 3254 extunc
1599 3189 1774 3254 bene
1806 3188 2008 3253 liceat
2041 3188 2311 3272 prefato
2342 3187 2663 3274 Capitulo

441 3292 600 3357 eccl.
637 3291 800 3357 Coll.
837 3292 1141 3377 predicte
1173 3298 1243 3358 et
1275 3313 1452 3358 succ,
1490 3315 1541 3358 s,
1579 3294 1649 3358 in
1684 3292 1988 3358 manerio
2020 3293 2169 3358 n’ro
2201 3293 2287 3357 de
2320 3293 2661 3360 Ledeston

441 3417 598 3460 cum
627 3402 798 3481 pert.
832 3417 882 3461 s.
917 3397 1172 3461 intrare
1196 3402 1265 3462 et
1291 3397 1361 3462 in
1386 3400 1628 3466 eodem
1650 3400 2075 3487 distringere,
2100 3409 2169 3466 et
2195 3402 2663 3468 districciones

439 3500 536 3564 sic
579 3508 822 3585 captas
867 3501 1225 3577 abducere,
1274 3503 1594 3589 effugare,
1645 3507 1755 3571 vel
1801 3514 2176 3591 asportare,
2224 3514 2294 3571 et
2340 3528 2547 3593 penes
2591 3529 2662 3572 se

441 3607 752 3682 retinere,
775 3627 1134 3692 quousque
1153 3607 1283 3672 sibi
1310 3608 1395 3673 de
1423 3610 1782 3696 arreragijs
1808 3610 2099 3695 predicti
2120 3611 2331 3677 annui
2353 3611 2663 3678 redditus

441 3711 676 3777 decem
716 3730 1103 3776 marcarum
1143 3717 1213 3776 et
1251 3711 1336 3777 de
1374 3701 1562 3780 dicta
1601 3735 1879 3780 summa
1915 3715 2379 3801 quadraginta
2415 3717 2661 3782 solido-

441 3838 594 3883 rum
639 3815 912 3881 nomine
956 3836 1148 3900 pene,
1185 3837 1266 3882 ac
1307 3839 1578 3884 summa
1608 3819 1915 3905 quinque
1957 3840 2344 3886 marcarum
2386 3822 2662 3887 nomine

440 3920 872 4006 allegacionis
929 3919 998 3984 in
1056 3918 1278 3985 forma
1328 3923 1638 4005 predicta
1686 3944 2181 4000 concessarum,
2235 3932 2305 3989 et
2362 3925 2661 4009 plenarie

441 4025 649 4089 fuerit
687 4024 1127 4090 satisfactum
1166 4031 1237 4089 et
1275 4026 1703 4110 persolutum
1742 4027 1831 4093 ad
1871 4028 2085 4092 altare
2125 4028 2532 4114 predictum.

617 4205 715 4270 Et
783 4205 847 4269 si
917 4203 1188 4269 dictum
1253 4203 1366 4268 Ca.
1436 4205 1594 4269 eccl.
1674 4206 1823 4271 coll.
1896 4205 2082 4290 pred.
2162 4227 2283 4272 seu
2358 4229 2535 4274 succ.
2603 4230 2654 4275 s,
2802 4215 2851 4264 1¹
2877 4217 2973 4265 the

439 4307 780 4372 voluerint
811 4306 880 4370 in
915 4305 1227 4372 futurum
1258 4307 1507 4372 habere
1538 4316 1925 4393 presentem
1955 4316 2221 4376 cartam
2252 4321 2659 4379 renouatam
2720 4281 3049 4412 Οὲξξῖῒξᾏὲ

441 4416 511 4475 et
576 4409 662 4475 de
728 4431 914 4476 nouo
979 4410 1349 4495 sigillatam
1416 4418 1700 4497 propter
1765 4413 2196 4481 debilitatem
2262 4436 2381 4481 seu
2450 4417 2656 4483 aliam
2684 4415 2819 4463 wish
2846 4421 2907 4465 t0
2942 4417 3084 4466 have

441 4536 720 4581 causam
745 4515 1197 4582 necessariam
1221 4537 1728 4602 quamcunque,
1757 4517 1924 4583 dicti
1951 4518 2142 4583 Prior
2164 4525 2234 4582 et
2260 4518 2657 4587 Conuentus
2682 4481 3084 4601 rsseessssfssfss
