3217 5117
1187 389 1374 455 Acrs
1421 407 1512 455 or
1559 389 1917 456 CHAPTER.
2535 405 2659 472 291

437 569 641 634 nibus
701 569 1026 653 predictis
1087 589 1208 652 per
1268 569 1495 652 ipsum
1559 569 1765 633 factis
1827 575 1897 633 et
1960 569 2251 633 decretis
2313 569 2401 633 ad
2463 588 2661 633 suam
2830 569 2947 617 The

1121 673 1131 684 .
1759 674 1770 684 .
2730 634 3035 691 Proeident,

434 673 762 738 reducens
851 693 1275 748 memor1am,
1371 674 1460 738 ad
1552 693 1943 738 mansiones
2034 672 2483 758 prebendales
2574 671 2660 737 de
2722 702 3051 752 remember-

432 778 724 862 Thorpe,
803 778 1153 861 Stodelay,
1233 777 1575 842 Nunwike
1652 784 1721 842 et
1799 779 2137 842 Monkton
2213 776 2662 862 personaliter
2726 767 3043 890 mffigitffns'

434 883 760 947 accedens
812 883 882 946 in
934 881 1284 967 presencia
1335 883 1966 967 suprascriptorum
2020 882 2107 946 M.
2164 881 2425 946 Thome
2478 881 2659 956 Bak-x
2724 901 3041 966 personauy

431 987 658 1052 howse
713 1008 793 1052 ac
847 986 1274 1051 diuersorum
1328 987 1806 1051 ministrorum
1864 987 2046 1050 Eccl.
2108 986 2271 1051 Coll.
2330 985 2655 1070 predicte,
2702 968 3067 1100 ὶῐὲζξζξξᾱξῖθ

433 1096 501 1156 et
539 1091 796 1156 ibidem
833 1091 938 1167 de,
976 1091 1068 1166 in,
1104 1096 1175 1154 et
1211 1110 1416 1174 super
1454 1090 1858 1166 defectibuS,
1902 1089 2545 1174 dilapidacionibuS,
2586 1095 2658 1154 et
2774 1103 2989 1156 housae.

433 1195 954 1260 ruinositatibus
983 1194 1358 1259 earundem
1388 1195 1829 1259 Mansionum
1858 1200 1927 1258 et
1956 1194 2377 1259 edificiorum
2403 1192 2659 1258 eisdem

432 1299 951 1390 pertinencium,
1007 1299 1410 1384 diligentem
1461 1299 1662 1363 iuxta
1714 1299 2031 1364 debitum
2083 1298 2282 1382 officij
2340 1297 2445 1362 sui
2497 1297 2658 1363 fecit
2745 1319 2856 1370 and
2883 1319 3027 1368 finds

435 1403 984 1490 Inquisicionem,
1011 1391 1149 1488 ‘per
1185 1423 1399 1487 quam
1438 1403 1747 1487 predicte
1788 1403 2177 1468 Mansiones
2214 1401 2660 1487 prebendales
2720 1389 3051 1518 ῒξζίξιὲοὲὓῧζ

433 1515 502 1574 et
541 1507 807 1572 edificia
843 1507 939 1572 eis
976 1507 1399 1591 pertinencia
1437 1508 1509 1572 in
1548 1507 1895 1572 nonnullis
1933 1507 2305 1571 eorundem
2342 1506 2660 1591 partibus
2686 1521 2826 1569 been
2856 1517 3082 1568 <louein

432 1613 703 1677 racione
746 1611 1143 1677 huiusmodi
1186 1612 1655 1676 monicionum
1702 1631 1982 1676 suarum
2029 1632 2151 1696 per
2193 1612 2419 1695 ipsum
2463 1611 2535 1675 in
2580 1630 2661 1676 ea
2709 1584 3067 1718 rtssaeygybfft

433 1723 630 1802 parte
690 1717 1002 1801 superius
1064 1715 1516 1791 decretarum,
1584 1716 1849 1781 inuenit
1913 1715 2288 1780 reformata
2354 1715 2519 1798 (101)
2588 1721 2658 1780 et
2725 1721 2854 1769 that
2880 1718 3049 1767 much

435 1821 812 1895 meliorata,
867 1826 1100 1885 tamen
1149 1821 1219 1885 in
1263 1821 1612 1904 aliquibus
1656 1820 2029 1885 eorundem
2072 1820 2387 1904 partibus
2432 1819 2659 1884 adhuc
2722 1788 3049 1908 τῗὲἲὲξῖζο

438 1925 700 1990 inuenit
779 1924 1036 1990 multos
1117 1924 1426 1989 defectus
1509 1923 2002 1999 reforrnandOS,
2086 1930 2295 2007 prout
2376 1923 2658 1988 inferius
2790 1935 2851 1969 2⁸
2878 1917 2985 1966 will

435 2029 726 2114 patebit.
2784 1998 2993 2101 ἷὲῗέῧῗ

1380 2132 1703 2198 THORPE.

613 2263 696 2328 In
737 2261 996 2347 primiS,
1039 2263 1350 2346 prefatus
1393 2263 1480 2328 M.
1528 2262 1891 2327 Presidens
1930 2261 2231 2346 Capituli
2271 2281 2391 2345 per
2430 2261 2662 2326 huius·
2737 2257 2963 2372 Dgfecoe
2988 2255 3047 2371 i?

437 2367 624 2432 modi
675 2366 1199 2452 inquisicionem
1251 2367 1516 2431 inuenit
1574 2367 1883 2431 defectus
1935 2367 2004 2430 in
2056 2366 2361 2450 quodam
2412 2385 2663 2450 magno
2716 2329 2854 2440 {21ss
2872 2337 3065 2439 {eale

439 2471 617 2536 orrio
702 2471 1090 2555 pertinente
1179 2471 1439 2556 Mag’ro
1525 2471 1828 2536 Will’mo
1914 2470 2121 2547 Cook,
2212 2471 2665 2534 Decretorum
2717 2458 2849 2573 “232
2867 2455 3067 2572 ‘affirm

441 2575 746 2652 Doctori,
804 2574 1150 2640 Canonico
1203 2580 1273 2639 et
1329 2575 1795 2640 Prebendario
1850 2575 2203 2640 Prebende
2256 2575 2341 2639 de
2395 2574 2668 2658 Thorpe
3018 2563 3027 2580 ’

441 2686 750 2764 tempore
809 2679 1280 2765 inquisicionis
1335 2680 1662 2763 predicte,
1720 2680 1850 2745 viz.
1910 2680 1979 2743 in
2038 2685 2309 2743 tectura
2362 2678 2667 2743 eiusdem

441 2783 598 2867 orrij
671 2805 751 2848 ac
815 2783 1032 2848 eciam
1095 2784 1166 2847 in
1232 2783 1544 2848 merimio
1607 2784 1843 2868 magni
1907 2783 2062 2866 ostij
2135 2782 2461 2858 eiusdem,
2527 2803 2668 2846 vna

442 2908 602 2953 cum
671 2887 1056 2952 defectibus
1128 2893 1199 2951 et
1270 2887 1713 2952 deformitate
1785 2887 2243 2952 existentibus
2314 2887 2383 2951 in
2455 2886 2668 2950 muris
2730 2894 2847 2944 also
2875 2892 2933 2940 in
2959 2892 3057 2940 the

443 2992 734 3076 coquine
776 2991 1082 3055 eiusdem
1126 2992 1492 3076 prebende,
1538 3012 1713 3076 quos
1755 3011 1921 3056 vero
1963 2991 2273 3056 defectus
2315 3010 2553 3055 omnes
2596 2995 2666 3054 et
2710 2959 3075 3082 wfflss²03213¹⁶

443 3095 743 3181 singulos
808 3094 1155 3179 predictos
1219 3096 1534 3180 prefatus
1599 3096 1689 3160 M.
1761 3094 2118 3160 Presidens
2182 3095 2482 3160 iniunxit
2547 3114 2669 3178 per

443 3201 791 3284 prefatum
831 3199 921 3264 M.
963 3199 1224 3264 Will’m
1265 3200 1451 3264 Cook
1491 3200 1743 3276 debite,
1785 3200 2105 3285 perfecte,
2148 3205 2217 3264 et
2254 3198 2670 3264 sufficienter

442 3305 616 3369 citra
675 3304 932 3369 festum
995 3303 1432 3368 Inuencionis
1492 3305 1743 3370 Sancte
1803 3303 2035 3370 Crucis
2095 3323 2287 3388 prox.
2352 3303 2669 3369 futurum
2813 3301 2874 3346 to
2898 3296 2969 3410 *fe

442 3414 598 3493 post
623 3422 642 3450 ¹
709 3408 951 3472 datam
1013 3408 1349 3491 presentis
1405 3409 1884 3493 Inquisicionis
1938 3407 2238 3493 reparari
2298 3409 2428 3472 sub
2490 3427 2670 3493 pena
2694 3376 3093 3494 ἕῷῗὲἓτυζῐὶἷᾎ

441 3512 904 3598 quadraginta
999 3510 1377 3577 solidorum
1477 3513 1732 3578 fabrice
1831 3513 1993 3578 eccl.
2097 3510 2260 3577 Coll.
2363 3511 2669 3596 predicte
2718 3495 2975 3613 2³23?
2998 3509 3089 3610 gd

445 3616 1010 3702 applicandorum
1059 3637 1139 3680 ac
1188 3615 1272 3680 de
1321 3617 1661 3681 fructibus
1708 3623 1778 3681 et
1825 3616 2277 3700 prouentibus
2324 3615 2669 3700 prebende
2693 3578 2727 3624 4
2764 3601 2826 3678 τὸ
2852 3575 3027 3678 fabrile

2717 3696 2855 3744 fund
2882 3694 2940 3744 of
2968 3694 3066 3742 the

445 3721 748 3805 predicte
780 3719 1230 3785 leuandorum
1271 3741 1393 3804 per
1425 3721 1732 3786 debitam
1772 3720 2393 3806 sequestracionem
2426 3739 2666 3784 eorun-
2769 3761 3017 3810 minster.

448 3825 606 3889 dem
644 3825 701 3888 si
742 3829 1061 3909 oporteat
1105 3824 1522 3889 auctoritate
1564 3825 1909 3890 ordinaria
1950 3824 2109 3888 inde
2151 3823 2557 3888 faciendam.

1351 3992 1762 4058 STODELEY.

625 4123 803 4186 Item
881 4120 1194 4204 prefatus
1273 4121 1359 4186 M.
1445 4121 1802 4186 Presidens
1870 4121 2136 4185 inuenit
2214 4120 2524 4184 defectus
2600 4117 2670 4182 in
2744 4129 2969 4178 Defects
2996 4129 3055 4204 in

450 4227 719 4292 duobus
808 4224 1016 4290 orreis
1107 4225 1194 4289 M.
1290 4225 1551 4291 Thome
1644 4225 2069 4309 Wilkynson‚
2162 4223 2513 4290 Canonico
2602 4227 2672 4285 et
2698 4197 3095 4318 “Jffessaffifg?

455 4329 911 4396 Prehendario
961 4329 1310 4413 prebende
1360 4331 1444 4395 de
1496 4331 1820 4414 Stodeley
1871 4337 2038 4394 tunc
2089 4327 2417 4413 temporis
2466 4325 2674 4412 perti-

597 4495 612 4519 ¹
651 4491 762 4542 MS.
815 4495 916 4542 ιω
946 4496 976 4513 ··
1001 4491 1096 4562 μ’·
