3217 5117
1162 487 1350 557 Acrs
1397 509 1487 556 oi·-
1533 489 1892 560 CHAPTER.
2510 511 2638 579 279

418 669 720 735 salubria
774 671 842 735 in
889 670 1024 735 ista
1070 672 1570 737 conuocacione
1623 672 1918 758 generali
1974 678 2256 758 propter
2308 675 2635 739 honorem

421 774 548 838 Dei
572 779 641 838 et
667 774 883 840 diuini
903 776 1131 840 cultus
1151 783 1603 862 augmentum
1628 777 1697 841 in
1723 777 1912 842 dicta
1937 778 2242 844 Ecclesia
2263 778 2636 865 collegiata

420 878 739 944 habenda
800 879 1229 957 ordinarunt,
1294 886 1716 957 statuerunt,
1777 888 1847 946 et
1913 882 2364 948 decreuerunt
2429 891 2635 968 prout

417 983 745 1068 sequitur.

596 1125 624 1188 I
798 1125 809 1136 .
895 1125 905 1135 .
1500 1127 1511 1137 .
1604 1128 1617 1138 .
2135 1129 2146 1140 .
2593 1129 2604 1140 .
2715 1098 2832 1147 The
2861 1099 3010 1163 High

632 1146 675 1188 n
709 1144 946 1209 primis
977 1131 1325 1191 statutum
1359 1133 1462 1191 est
1496 1147 1565 1192 in
1600 1134 1736 1192 ista
1768 1128 2284 1194 Conuocacione
2314 1130 2632 1215 generali,
2699 1165 2858 1214 Altar
2884 1171 2946 1215 to
2971 1166 3040 1214 be

416 1229 605 1314 quod
672 1249 1021 1294 summum
1092 1230 1308 1295 altare
1378 1231 1447 1296 in
1516 1232 1726 1296 choro
1795 1232 2102 1298 eiusdem
2171 1233 2446 1298 ecclesie
2515 1253 2636 1317 per
2703 1233 3018 1347 reverlexfatly

418 1332 767 1399 ministros
812 1334 1116 1399 eiusdem
1162 1335 1251 1399 ad
1295 1336 1425 1400 hoc
1469 1338 1842 1420 deputatos
1886 1337 2366 1402 venerabiliter
2407 1344 2632 1402 custo-
2695 1313 3032 1416 33θὲῃοῖῐῇ

416 1438 649 1503 diatur
695 1438 785 1502 ad
832 1438 1107 1502 laudem
1156 1439 1303 1516 Dei,
1336 1444 1424 1522 ‚et
1472 1441 1661 1525 quod
1708 1441 1914 1506 semel
1962 1443 2032 1506 in
2080 1441 2467 1507 ebdomada
2514 1463 2636 1527 per
2711 1431 3002 1547 jeffli‘edbeb

416 1541 944 1607 Thesaurarium
1000 1562 1122 1607 seu
1175 1543 1319 1607 eius
1376 1542 1792 1628 deputatum
1849 1547 2133 1611 honeste
2187 1547 2508 1612 videatur
2561 1553 2632 1612 et
2660 1513 3068 1642 tzepfreasurie'r

418 1648 837 1722 obseruetur,
916 1653 1061 1712 tam
1135 1648 1203 1712 in
1277 1649 1728 1714 luminaribus
1798 1672 2011 1735 quam
2083 1651 2300 1716 eciam
2372 1651 2633 1717 locione
2742 1630 2977 1762 Ἦξίξέἐι

418 1750 952 1827 linthiaminum,
1034 1757 1103 1816 et
1180 1752 1489 1817 omnium
1567 1753 1857 1819 aliorum
1934 1755 2465 1821 necessariorum
2544 1756 2634 1821 ad
2713 1779 3019 1826 necessary,

419 1854 804 1939 predictum
846 1855 1061 1920 altare
1102 1856 1622 1940 pertinencium,
1667 1862 1736 1921 et
1776 1858 2134 1942 presertim
2174 1859 2363 1942 quod
2402 1858 2633 1924 lumen
2661 1831 3066 1962 efigffioegggr'ff

419 1959 744 2025 continue
782 1960 1121 2026 habeatur
1156 1981 1387 2025 coram
1425 1961 1889 2028 Sacramento.
2695 1964 3036 2080 Sacrtagfient.

599 2113 798 2190 Item,
858 2120 1206 2181 statutum
1263 2122 1368 2180 est
1422 2116 1612 2201 quod
1669 2115 2055 2200 psalmodia
2110 2137 2269 2181 cum
2327 2117 2510 2182 bona
2566 2121 2635 2180 et
2687 2123 2804 2172 The
2836 2123 3044 2188 psalms

420 2239 721 2304 congrua
768 2239 985 2303 pausa
1032 2222 1121 2284 ab
1168 2221 1487 2286 omnibus
1534 2220 1863 2285 ministris
1909 2219 2096 2284 chori
2143 2220 2228 2284 de
2275 2225 2502 2285 cetero
2549 2219 2638 2284 ad
2664 2194 2905 2306 chasstssg
2929 2189 3068 2305 {esth

421 2323 698 2388 laudem
737 2324 865 2388 Dei
902 2331 972 2389 et
1010 2325 1454 2390 deuocionem
1492 2323 1927 2389 audiencium
1964 2325 2516 2408 psalmodizetur.
2701 2324 3034 2454 thzalfgzlffer

603 2476 727 2559 (98)
770 2475 970 2552 Item,
1006 2482 1353 2542 statutum
1386 2483 1490 2541 est
1522 2477 1712 2562 quod
1745 2477 2092 2561 Campane
2124 2497 2246 2561 per
2280 2478 2639 2542 sacristam
2667 2481 3070 2610 'l'tlgegzeggiffe

422 2579 493 2644 in
528 2580 711 2644 horis
746 2580 1061 2666 congruis
1096 2587 1163 2644 et
1201 2600 1321 2665 per
1358 2585 1632 2664 tempus
1665 2586 2073 2646 consuetum
2110 2582 2200 2646 ad
2233 2582 2637 2658 matutinas,
2685 2629 2824 2678 rung
2851 2614 2927 2677 by
2955 2615 3053 2663 the

420 2684 737 2769 primam,
796 2684 1097 2760 missam,
1154 2704 1493 2769 vesperaS,
1552 2691 1623 2748 et
1676 2684 2102 2770 ignitegium‚
2161 2691 2308 2749 tam
2361 2691 2643 2769 propter
2665 2685 2864 2730 sexton
2887 2685 2946 2730 at
2975 2682 3070 2730 the

425 2789 773 2854 ministros
817 2789 1091 2853 ecclesie
1134 2809 1346 2873 quam
1390 2789 1778 2873 peregrinos
1822 2788 2176 2853 venientes
2219 2795 2288 2853 et
2335 2796 2641 2873 tempore
2667 2748 3066 2877 prssffiggffiigrs,

424 2892 695 2958 estiuali
732 2899 803 2956 et
840 2892 1089 2976 yemali
1127 2892 1357 2957 debite
1394 2893 1772 2977 pulsentur.
2756 2881 2976 2930 curfew.

601 3047 801 3122 Item,
864 3052 1212 3111 statutum
1274 3052 1377 3111 est
1438 3047 1628 3132 quod
1688 3067 1925 3113 omnes
1985 3047 2280 3112 ministri
2342 3047 2642 3112 Ecclesie
2670 3053 2754 3100 All
2793 3053 3070 3101 ministers

423 3149 543 3234 qui
612 3155 937 3214 tenentur
1004 3150 1186 3215 horis
1254 3150 1598 3216 canonicis
1666 3152 1918 3216 cotidie
1987 3152 2312 3216 interesse
2381 3152 2641 3236 absque
2671 3119 3069 3235 bffissgnti‘c'gfihe

418 3253 701 3319 licencia
761 3254 1038 3338 speciali
1101 3255 1237 3319 sint
1304 3255 1374 3319 in
1438 3256 1695 3320 habitis
1757 3257 1899 3320 suis
1962 3257 2140 3322 infra
2202 3258 2487 3322 chorum
2551 3258 2641 3322 ad
2687 3253 3052 3368 ὴῖῒυῗίῐᾶἓῖῗῒ

419 3358 886 3442 incepcionem
939 3359 1444 3423 matutinorum
1499 3361 1609 3424 vel
1658 3361 1894 3425 saltim
1946 3367 2108 3424 ante
2161 3360 2395 3425 Gloria
2449 3361 2639 3426 Patri
2684 3336 2717 3369 a
2753 3335 2810 3436 1:³1
2838 3337 2981 3436 {heir
3019 3335 3055 3382 y

418 3482 610 3546 prox.
662 3469 819 3548 post
868 3462 1211 3547 psalmum
1258 3463 1525 3540 Venite,
1577 3471 1648 3529 et
1695 3464 1792 3530 sic
1840 3471 2002 3530 ante
2050 3464 2282 3530 Gloria
2331 3465 2519 3530 Patri
2568 3465 2636 3530 in
2701 3453 3030 3570 aalfflttsbffig

416 3567 728 3653 qualibet
784 3568 953 3631 hora
1007 3567 1357 3643 canonica,
1416 3567 1545 3632 sub
1601 3588 1781 3651 pena
1836 3568 2137 3633 limitata
2193 3589 2314 3653 per
2367 3574 2637 3633 statuta
2699 3588 2842 3652 good
2878 3589 3028 3639 time.

417 3670 577 3735 inde
614 3671 802 3754 prius
840 3670 1046 3736 edita.

597 3826 775 3890 Item
822 3831 1191 3900 statutum,
1243 3825 1618 3903 decretum,
1670 3834 1739 3892 et
1787 3827 2184 3892 ordinatum
2233 3834 2337 3891 est
2384 3827 2453 3892 in
2503 3827 2637 3892 ista
2733 3839 2984 3904 Chantry

419 3931 935 3995 Conuocacione
987 3930 1303 4016 generali,
1353 3931 1541 4015 quod
1596 3952 1833 3996 omnes
1887 3931 2247 4016 presbiteri
2302 3932 2634 3997 habentes
2662 3911 3068 4024 ξὲῗὲῗιξξξοξξ

419 4035 777 4100 Cantarias
815 4036 884 4099 in
924 4035 1113 4100 dicta
1152 4035 1455 4100 Ecclesia
1494 4036 1868 4121 Collegiata
1909 4036 2237 4100 fundatas
2275 4037 2392 4120 qui
2432 4036 2635 4121 longo
2661 4039 2725 4153 ἓξ
2747 4039 3065 4156 ῡῧξιτῑῖζεᾌέδ

421 4147 729 4224 tempore
777 4146 1129 4204 transacto
1174 4139 1587 4216 habuerunt,
1637 4148 1706 4204 et
1755 4141 1822 4204 in
1869 4140 2170 4224 presenti
2216 4141 2496 4216 habent,
2546 4140 2636 4204 ob
2725 4171 3009 4237 Beverley,

420 4244 747 4308 honorem
802 4244 927 4307 Dei
980 4249 1049 4307 et
1101 4243 1318 4307 diuini
1369 4244 1595 4308 cultus
1648 4244 1717 4308 in
1769 4243 1956 4308 dicta
2008 4243 2288 4308 ecclesia
2338 4244 2636 4309 habendi
2700 4264 2811 4312 and
2839 4279 2931 4313 are
2959 4270 3020 4315 to

420 4354 891 4433 augmentum,
933 4369 1134 4413 vsum
1174 4348 1599 4413 almiciorum
1649 4348 1732 4412 de
1780 4347 1840 4418 le
1889 4347 2270 4431 Calayber,¹
2316 4353 2461 4412 tam
2510 4348 2639 4432 ipsi
2703 4331 2952 4448 mugffgff
2973 4333 3028 4381 ³¹¹

568 4501 579 4522 ¹
622 4497 666 4544 Α
697 4495 788 4544 fur
814 4495 873 4544 of
891 4462 1287 4559 *some-foreign
1319 4496 1527 4560 species
1554 4494 1614 4544 of
1642 4494 1891 4558 squirrel,
1922 4494 2161 4558 perhaps
2193 4494 2334 4543 from
2365 4495 2635 4544 Calabria.

422 4576 523 4626 See
550 4575 763 4623 N.E.D.
