3217 5117
1286 463 1749 529 CARTULARY.
2552 480 2633 549 75

1191 642 1368 727 (108)
1423 636 1860 733 DE!EODEM.

585 761 789 827 Omn.
854 760 972 845 xpi
1031 760 1146 826 fid.
1213 760 1302 826 ad
1359 781 1536 845 quos
1593 781 1694 845 pr.
1758 781 1882 826 scr.
1946 760 2356 845 peruenerit,
2421 760 2637 825 Rob’s

413 864 864 950 Dispensator
895 864 981 930 de
1015 864 1292 950 Ripon’,
1319 865 1616 931 salutem
1647 865 1717 930 in
1745 865 1927 930 D'no
1952 864 2463 949 sempiternam.
2506 863 2631 950 (35)

407 968 759 1035 Noueritis
807 990 916 1035 me
967 968 1120 1034 ded.
1175 976 1245 1034 et
1296 970 1542 1055 assign.
1585 990 1711 1054 pro
1760 990 1855 1035 sa.
1906 968 2131 1034 anime
2181 989 2350 1044 mee,
2393 968 2632 1034 lumin’

404 1073 512 1139 be.
565 1074 777 1139 Marie
824 1074 895 1139 in
945 1074 1127 1139 Eccl.
1182 1074 1266 1139 de
1317 1074 1566 1159 Ripon'
1620 1073 1765 1157 vjd.
1818 1073 2031 1139 annui
2078 1072 2409 1149 reddituS,
2460 1094 2635 1158 quos

405 1182 690 1265 Juliana
735 1182 877 1247 filia
925 1182 1134 1248 Walt.
1187 1182 1272 1247 de
1321 1182 1675 1267 Westegat
1725 1181 1967 1247 reddet
2016 1201 2141 1266 pro
2190 1186 2373 1247 terra
2420 1203 2631 1266 quam

403 1286 466 1351 ei
515 1285 692 1351 dedi.
789 1286 963 1351 Volo
1013 1287 1251 1363 eciam,
1305 1293 1432 1351 ete.
1535 1286 1788 1365 (Power
1836 1292 1897 1349 to
1944 1285 2233 1351 distrain
2282 1307 2357 1350 as
2408 1286 2483 1351 in
2530 1286 2633 1351 the

399 1390 576 1473 last).
701 1391 799 1456 Ut
881 1397 1117 1458 autem
1197 1393 1323 1455 hec
1401 1411 1556 1455 mea
1636 1390 1925 1455 donacio
2016 1390 2228 1455 robur
2316 1390 2629 1475 optineat

399 1500 836 1579 perpetuum,
902 1516 1076 1579 preS.
1145 1516 1269 1560 scr.
1337 1494 1457 1580 sig.
1525 1515 1616 1560 m.
1686 1494 1995 1578 apposui.
2094 1495 2180 1558 H.
2250 1501 2299 1559 t.
2369 1495 2630 1580 Mag'ro

401 1599 629 1665 Will'o
673 1599 1008 1676 Wikwan,
1055 1598 1283 1663 Will'o
1328 1598 1412 1663 de
1457 1599 1837 1674 Thornton,
1885 1598 2111 1663 Will'o
2155 1599 2240 1662 de
2285 1598 2625 1675 Bokland‚

400 1702 647 1769 Nich’o
691 1702 1020 1780 Bernard,
1057 1703 1308 1787 Joh'ne
1351 1704 1436 1767 de
1479 1704 1687 1779 Ebot,
1723 1702 2005 1767 Walter’
2052 1703 2137 1767 de
2180 1702 2516 1788 Westgat,
2558 1710 2629 1769 et

399 1807 572 1873 aliis,

1178 1900 1356 1984 (109)
1412 1899 1524 1964 DE
1573 1916 1849 1964 EODEM.

573 2014 922 2081 Vniuersis
971 2016 1090 2101 xpi
1135 2015 1251 2081 fid.
1300 2036 1476 2101 pres.
1528 2015 1762 2081 literas
1809 2015 2055 2081 visuris
2102 2017 2211 2080 vel
2260 2016 2620 2093 audituri5‚

397 2119 616 2185 Rob's
673 2120 1126 2206 Dispensator
1185 2120 1460 2205 Ripon'‚
1521 2142 1617 2186 sa.
1681 2120 1749 2185 in
1810 2120 2010 2186 D'n0.
2108 2120 2456 2185 Noueritis
2514 2142 2622 2186 me

395 2223 552 2289 ded.
589 2230 659 2289 et
691 2245 879 2290 conc.
917 2231 987 2289 et
1019 2225 1090 2289 in
1122 2245 1295 2309 pres,
1333 2224 1544 2290 literis
1577 2224 1757 2290 conf.
1793 2244 1918 2309 pro
1949 2246 2045 2289 sa.
2082 2246 2190 2289 an.
2228 2246 2344 2301 m.,
2378 2225 2618 2290 lumin’

396 2328 502 2393 be.
548 2329 636 2394 M.
683 2329 752 2393 in
793 2329 949 2395 ecel.
987 2330 1091 2394 be.
1129 2328 1232 2394 W.
1278 2329 1362 2393 de
1406 2328 1488 2394 R.
1534 2328 1679 2413 iijd.
1725 2348 1863 2414 arg.
1910 2328 2273 2414 recipiend.
2318 2330 2388 2393 in
2428 2350 2617 2414 perp.

395 2432 760 2499 annuatim
827 2432 917 2498 ad
984 2433 1157 2499 duos
1225 2440 1420 2498 term.
1494 2433 1578 2498 de
1645 2433 1761 2498 illa
1828 2433 1990 2499 dim.
2064 2453 2224 2498 acra
2290 2440 2467 2499 terre
2535 2435 2619 2499 de

399 2537 774 2622 Biscopton
838 2557 973 2622 que
1040 2537 1216 2603 iacet
1282 2538 1480 2603 iuxta
1545 2544 1801 2603 terram
1867 2536 1929 2601 N
1936 2536 2093 2602 ich’i
2162 2538 2469 2603 Bernard
2535 2559 2619 2603 ex

393 2647 592 2725 parte
627 2641 1056 2716 occidentali,
1093 2649 1162 2705 et
1204 2642 1537 2707 abbuttat
1585 2662 1803 2707 vnum
1850 2642 2077 2726 capud
2111 2662 2316 2726 super
2349 2642 2619 2707 Corkel-

393 2744 540 2829 dyk
583 2752 653 2810 et
697 2745 886 2811 aliud
927 2746 1156 2830 capud
1200 2766 1406 2830 super
1449 2753 1705 2811 terram
1751 2746 2034 2811 Walteri
2079 2746 2163 2811 de
2211 2746 2476 2823 Hilton,
2524 2769 2614 2813 se.

393 2849 840 2915 medietatem
886 2850 976 2915 ad
1021 2850 1216 2915 Pent.
1265 2856 1334 2915 et
1379 2850 1584 2916 aliam
1630 2850 2075 2915 medietatem
2120 2851 2209 2916 ad
2254 2851 2298 2916 f.
2348 2852 2480 2917 S'ci
2526 2852 2613 2917 M.

391 2953 462 3019 in
497 2954 562 3019 h.
646 2954 727 3020 In
759 2954 952 3020 cuius
982 2955 1078 3019 rei
1112 2959 1269 3019 test.
1306 2954 1435 3019 hiis
1466 2974 1640 3039 pres,
1676 2955 1796 3040 sig.
1832 2976 1922 3020 m.
1961 2955 2270 3040 apposui.
2351 2956 2612 3023 Valete.

1173 3114 1349 3197 (110)
1404 3113 1516 3177 DE
1565 3129 1841 3178 EODEM.

571 3228 772 3295 Vniu.
821 3230 938 3314 xpi
985 3229 1100 3294 fid.
1150 3250 1249 3313 pr.
1297 3250 1422 3295 scr.
1472 3228 1720 3295 visuris
1764 3229 1873 3293 vel
1918 3230 2076 3295 aud.
2175 3230 2398 3297 Isabel
2443 3253 2619 3297 vxor

391 3339 463 3397 et
517 3334 708 3398 heres
762 3333 932 3419 Rog.
989 3333 1078 3397 fil.
1138 3333 1364 3398 Nich'i
1411 3334 1495 3398 de
1550 3333 1827 3419 Ripon',
1875 3354 1971 3399 sa.
2023 3334 2093 3399 in
2141 3335 2323 3400 D'no
2368 3337 2616 3421 sempi-

392 3444 682 3503 ternam.
779 3437 1130 3503 Noueritis
1166 3458 1276 3502 me
1314 3437 1490 3524 ligea
1528 3444 1877 3522 potestate
1917 3459 2071 3503 mea
2108 3444 2178 3503 et
2217 3439 2615 3526 virginitate

392 3548 556 3607 ante
633 3541 1108 3608 omnimodum
1184 3542 1539 3608 vinculum
1608 3548 2007 3608 contractus
2090 3544 2615 3611 matrimonialis

387 3645 576 3711 inicii
611 3646 1018 3712 concessisse
1055 3646 1139 3711 de
1173 3668 1282 3711 me
1317 3653 1386 3710 et
1413 3646 1552 3711 her.
1581 3667 1673 3711 m.
1701 3647 1915 3731 quiet.
1953 3647 2281 3713 clamasse
2316 3648 2386 3713 in
2421 3669 2616 3735 perp:

391 3757 463 3816 et
506 3771 571 3835 p.
616 3772 672 3817 c.
717 3772 807 3816 m.
851 3751 1029 3816 conf.
1073 3750 1389 3817 luminar’
1434 3752 1538 3816 be.
1585 3750 1673 3815 M.
1718 3750 1789 3815 in
1829 3750 1985 3816 eccl.
2030 3752 2095 3817 b.
2142 3751 2245 3817 W.
2294 3752 2400 3830 R.,
2444 3754 2613 3820 illud

391 3855 819 3941 mesuagium
864 3856 934 3921 in
980 3855 1219 3921 eadem
1265 3856 1429 3920 villa
1474 3855 1542 3920 in
1589 3854 1902 3940 Westgat
1946 3856 2133 3940 quod
2181 3856 2351 3943 Rog.
2401 3858 2613 3925 frater

390 3980 587 4026 meus
644 3960 866 4025 eidem
923 3960 1243 4025 luminari
1300 3960 1615 4025 contulit.
1712 3959 1913 4043 Quod
1970 3960 2249 4045 quidem
2309 3984 2609 4049 mesuag.

388 4065 575 4130 idem
634 4063 804 4150 Rog'
855 4064 1101 4130 habuit
1149 4065 1233 4130 de
1284 4064 1514 4130 Isolda
1558 4064 1913 4149 quondam
1961 4086 2171 4130 vxore
2221 4066 2479 4132 Warini
2528 4068 2611 4133 de

391 4169 787 4235 BeuerlacO.
885 4170 1066 4234 Hab.
1124 4174 1194 4233 et
1248 4174 1385 4233 ten.
1442 4189 1602 4234 cum
1656 4190 1838 4234 omn.
1896 4190 1946 4234 S.
2003 4176 2176 4255 pert.
2232 4171 2612 4265 secundum

387 4280 700 4339 tenorem
759 4280 946 4338 carte
1003 4293 1216 4358 quam
1274 4274 1584 4358 prefatus
1644 4274 1952 4359 Rogerus
2009 4275 2167 4340 inde
2224 4277 2469 4341 habuit
2527 4278 2612 4342 de

387 4378 580 4443 dicta
636 4377 886 4453 Isolda,
943 4378 1044 4443 ita
1094 4377 1282 4463 quod
1335 4398 1460 4443 nec
1512 4398 1637 4463 ego
1693 4377 1916 4443 Isabel
1970 4400 2093 4444 nec
2146 4381 2425 4445 heredes
2477 4382 2612 4446 mei

385 4502 700 4567 vnquam
735 4482 806 4547 in
843 4482 1030 4566 pred.
1077 4482 1180 4565 (35
1219 4482 1307 4565 v.)
1351 4482 1700 4567 mesuagio
1743 4504 1900 4547 cum
1939 4489 2109 4567 pert.
2152 4483 2410 4568 aliquid
2447 4484 2610 4551 iuris

385 4587 502 4653 vel
547 4586 775 4652 clamii
823 4586 1089 4675 exigere
1137 4586 1246 4651 vel
1295 4587 1659 4653 vendicare
1705 4588 2103 4672 poterimus
2200 4587 2283 4653 In
2332 4590 2397 4653 h.
2450 4608 2501 4655 r.
2555 4596 2605 4655 t.
