3217 5117
250 640 398 688 Nota
458 658 583 689 con-

184 714 265 753 tra
293 707 515 754 inconti-

184 784 391 820 nentes.

252 861 410 910 Feria
434 862 535 926 vjta

185 930 266 975 vel
294 928 501 976 Sabato

185 1004 308 1042 sunt
332 1008 545 1041 correc-

184 1060 371 1107 ciones
388 1057 587 1107 sacien-

186 1126 255 1173 de
280 1125 330 1171 in
349 1124 586 1187 capitulo

185 1191 431 1239 districte
452 1204 547 1252 per

186 1255 495 1319 capitulum,

185 1330 439 1384 presente

186 1385 467 1435 Canonico
490 1384 583 1432 ali-

185 1468 309 1515 quo,
328 1449 579 1513 alioquin,

186 1517 542 1567 continuetur

187 1598 356 1646 nsque
407 1582 584 1630 Cano·

187 1649 339 1697 nicus
362 1646 517 1695 fuerit

188 1728 429 1778 presens.

252 1958 549 2021 Chaplains

186 2024 247 2073 ol'
266 2023 546 2086 hospitals,

184 2100 313 2146 ete„
369 2098 424 2136 to
483 2088 549 2135 be

186 2152 479 2219 presented
506 2160 561 2200 to

187 2221 276 2267 the
296 2220 557 2282 Chapter,

185 2284 583 2333 bntnotadniit-

185 2350 275 2397 ted
327 2349 543 2397 without

186 2430 383 2478 proper
418 2413 582 2477 quali·
616 2434 627 2445 ·

186 2480 451 2535 lications,

183 2546 291 2594 and
317 2561 412 2593 are
439 2554 494 2593 to

184 2610 419 2673 promise

184 2675 502 2729 obedience,

181 2742 289 2789 and
313 2752 368 2789 to
387 2740 578 2789 attend

184 2807 421 2855 services
447 2806 498 2854 in

184 2874 273 2921 llic
301 2872 543 2919 Minster.

252 3139 401 3187 Nota
426 3138 529 3187 for-

187 3220 327 3252 mant
354 3204 541 3253 statuti

186 3270 255 3317 de
281 3270 548 3333 magistro

187 3336 455 3383 scolarum
484 3334 532 3382 in

188 3400 512 3463 gramatica.

259 3542 406 3590 Nota
430 3542 499 3590 de

191 3609 457 3669 inagistro

191 3674 479 3721 scolarum.

258 3948 538 3997 Side-note

194 4014 340 4067 here,
370 4015 544 4078 partly

196 4079 449 4142 illegible.

609 472 649 531 8
1158 470 1327 533 Tm:
1380 466 1690 532 INmtssv
1743 469 2265 533 MANUSGMPT.

610 657 835 707 cetero
900 642 965 705 in
1036 643 1393 726 premissis
1457 644 1747 708 honeste
1823 665 1898 708 se
1977 643 2280 720 habebit,
2364 643 2820 708 sufficientem

614 756 868 824 prestet
921 743 1386 807 sanccionem.
1505 744 1735 825 Super
1783 743 2340 807 incontineneia1
2393 764 2577 820 vero,
2631 744 2819 825 quod

608 842 811 918 absit,
872 842 1281 917 defamatus,
1347 863 1467 926 per
1518 843 1834 925 quinque
1889 843 1995 907 sui
2053 842 2322 907 ordinis
2376 842 2430 906 si
2492 842 2814 925 potuerit,

612 963 734 1006 seu
802 962 921 1025 per
982 956 1119 1006 tres
1178 942 1263 1006 ad
1332 943 1553 1026 ipsius
1603 942 1887 1025 capituli
1941 942 2300 1006 arbitrium
2361 965 2434 1006 se
2489 942 2824 1007 canonice

613 1054 1047 1126 compurget,
1108 1042 1447 1125 alioquin,
1508 1043 1751 1126 eoipso
1807 1042 2169 1106 conuictus
2225 1056 2556 1125 tanquam
2610 1063 2823 1106 mem-

616 1142 813 1205 brum
883 1141 1231 1224 putridum
1286 1144 1375 1206 ab
1434 1142 1583 1225 ipsa
1645 1142 1936 1206 ecclesia
2000 1163 2120 1224 per
2179 1163 2444 1205 annum
2509 1141 2814 1205 eiciatur.

617 1241 967 1324 Deinceps
998 1240 1085 1304 ad
1124 1241 1343 1324 ipsam
1386 1263 1521 1305 non
1556 1263 1959 1305 reuersurus
1989 1240 2118 1305 nisi
2149 1262 2359 1324 super
2383 1240 2824 1306 continencia

611 1354 677 1404 et
711 1340 1069 1405 honestate
1102 1340 1335 1405 debita
1376 1340 1799 1405 sufficienter
1845 1342 2106 1405 cauerit
2153 1341 2219 1403 in
2271 1340 2602 1404 futurum.
2707 1340 2814 1417 Et,

616 1460 700 1504 ne
784 1439 1008 1504 delicti
1100 1439 1457 1523 inpunitas
1550 1440 1806 1505 tribuat
1897 1440 2260 1504 audaciam
2339 1440 2816 1523 delinquendi,

613 1538 917 1623 singulis
971 1540 1404 1622 septimanis,
1462 1539 1573 1603 die
1625 1540 1898 1604 veneris
1947 1539 2053 1604 vel
2105 1540 2216 1604 die
2262 1540 2532 1605 sabbati
2585 1540 2824 1625 hujus-

618 1638 800 1701 modi
840 1659 959 1722 per
993 1638 1419 1721 Capitulum,
1463 1651 1781 1722 presente
1823 1638 2063 1722 aliquo
2099 1640 2478 1717 CanonicO,
2517 1640 2822 1705 districte

612 1736 784 1801 fiant
858 1738 1349 1803 correcciones.
1489 1738 1627 1803 Sed
1691 1738 1748 1803 si
1819 1740 2052 1804 nullus
2115 1739 2515 1804 Canonicus
2577 1740 2824 1805 diebus

612 1838 1167 1902 correccionibus
1199 1838 1547 1921 deputatis
1583 1859 1868 1922 presens
1902 1838 2125 1917 fuerit,
2161 1861 2380 1921 usque
2413 1840 2498 1903 ad
2527 1840 2824 1905 alicuius

615 1938 1041 2020 presenciam
1080 1937 1231 2021 ipsa
1263 1939 1606 2003 correccio
1643 1952 2049 2003 reseruetur.
2150 1939 2258 2003 Ad
2291 1941 2419 2004 hec
2451 1940 2824 2004 statuimus

614 2051 688 2099 ut
765 2037 1124 2120 Capellani
1207 2038 1657 2121 hospitalium
1727 2061 1807 2103 ac
1875 2039 1992 2101 alii
2073 2040 2669 2122 per-parochiam
2754 2040 2821 2102 in

610 2136 897 2219 capellis
982 2136 1417 2213 deseruituri,
1512 2137 1640 2221 ipsi
1737 2138 2085 2221 Capitulo‚
2182 2138 2422 2221 aliquo
2509 2153 2826 2221 presente

612 2234 993 2311 Canonico,
1058 2250 1561 2319 presentemur,
1637 2258 1759 2301 nec
1826 2238 2229 2319 priusquam
2297 2238 2363 2299 in
2429 2237 2816 2309 ordinibus,

614 2334 983 2411 literatura,
1029 2336 1362 2413 moribuS,
1412 2357 1493 2400 ac
1538 2336 1697 2400 aliis
1744 2357 1880 2418 que
1930 2336 2362 2411 incumbunt,
2403 2336 2826 2402 sufficientes

615 2434 1083 2509 inueniantur,
1153 2436 1596 2518 aliquatenus
1659 2435 2131 2500 admittantur.
2253 2436 2565 2501 Admissi
2630 2458 2818 2513 vern,

614 2534 1009 2598 manualem
1064 2534 1193 2616 ipsi
1252 2535 1537 2599 ecclesie
1586 2535 1841 2600 faciant
1887 2535 2389 2613 obedienciam,
2439 2537 2696 2619 quibus
2755 2536 2821 2599 in

610 2633 862 2697 virtute
897 2633 1300 2698 obediencie
1339 2635 1616 2717 prestite
1651 2635 2060 2719 iniungatur
2108 2649 2177 2699 vt
2224 2636 2530 2720 singulis
2577 2636 2826 2701 diebus

611 2732 984 2797 dominicis
1060 2755 1140 2797 ac
1217 2733 1409 2798 festis
1470 2734 1870 2817 duplicibus
1935 2735 2358 2818 processioni
2423 2757 2504 2799 ac
2569 2757 2826 2818 magne

615 2832 823 2896 misse
904 2833 1005 2895 in·
1054 2833 1205 2916 ipsa
1284 2834 1565 2898 matrice
1642 2834 1954 2912 ecclesia,
2032 2834 2161 2898 nisi
2237 2834 2553 2919 legitima
2613 2857 2828 2899 causa

608 2930 866 2996 fuerint
923 2932 1257 3015 impediti,
1324 2932 1391 2996 in
1445 2933 1684 2998 habitu
1737 2934 2101 3007 intersint;
2150 2937 2475 2999 absentes
2527 2955 2690 2999 vero
2741 2954 2827 2999 ex

616 3052 751 3095 non
836 3030 1018 3095 iusta
1094 3053 1324 3109 causa,
1411 3033 1632 3115 ipsius
1709 3033 1989 3116 capituli
2069 3034 2354 3098 arbitrio
2419 3035 2819 3117 puniantur.

618 3130 875 3195 Rector
911 3152 1072 3195 vero
1120 3132 1467 3196 scolarum
1518 3132 1817 3197 similem
1871 3144 2124 3215 prestet
2169 3134 2674 3212 obedienciam,
2715 3134 2824 3198 cui

612 3230 933 3295 similiter
967 3229 1379 3316 iniungatur
1418 3246 1489 3295 vt
1534 3232 1841 3317 singulis
1889 3233 2081 3297 festis
2133 3254 2385 3297 nouem
2439 3234 2824 3299 leccionum

616 3330 885 3395 intersit
943 3331 1321 3405 matutinis,
1384 3345 1648 3396 sextam
1716 3333 2015 3417 legendo
2081 3333 2506 3407 leccionem;
2579 3334 2828 3398 diebus

616 3452 780 3493 vero
872 3431 1245 3495 dominicis
1336 3453 1416 3496 ac
1508 3430 1699 3496 festis
1790 3432 2189 3516 duplicibus
2276 3433 2543 3498 intersit
2637 3434 2828 3498 horis

614 3529 991 3605 canonicis,
1054 3531 1503 3612 processioni,
1563 3552 1646 3595 ac
1703 3542 1956 3615 magne
2014 3532 2243 3597 misse.
2373 3533 2482 3597 Sit
2538 3534 2828 3599 honeste

618 3628 754 3692 vite
786 3642 853 3692 et
883 3629 1473 3707 conuersacioniS,
1512 3652 1593 3694 ac
1641 3631 1982 3695 scolarum
2035 3632 2410 3716 diligenter
2458 3632 2828 3697 intendens

620 3726 1022 3810 profectum,
1076 3744 1279 3812 prout
1325 3730 1515 3794 oneri
1569 3752 1700 3794 suo
1753 3731 2110 3808 incumbit,
2167 3732 2348 3797 sicut
2395 3732 2824 3817 condignam

616 3826 897 3911 efugere
932 3828 1097 3891 velit
1130 3829 1496 3893 vlcionem.
1599 3830 1856 3895 Veniat
1895 3830 1982 3893 ad
2036 3832 2316 3897 missam
2372 3834 2567 3897 beate
2605 3832 2828 3897 Mai-ie

620 3940 823 4010 prout
855 3940 1264 3992 consuetum
1302 3942 1425 3993 est.
1526 3930 1882 4007 Similiter,
1925 3930 2350 4014 Capellanus
2381 3932 2577 3995 altari
2629 3934 2829 3996 beate

624 4026 843 4090 Marie
875 4026 1277 4092 deseruiens
1311 4029 1607 4093 similem
1639 4028 1842 4092 faciat
1874 4030 2376 4109 obedienciam,
2408 4053 2488 4095 ac
2521 4032 2828 4116 singulis

619 4125 812 4190 festis
849 4147 1097 4190 nouem
1146 4127 1527 4192 leccionum
1579 4148 1699 4212 per
1740 4141 1959 4193 totum
2005 4129 2382 4194 adventum
2423 4130 2712 4195 Domini
2761 4145 2830 4195 et

623 4246 743 4308 per
775 4239 986 4290 totam
1022 4226 1633 4311 quadragesimam
1675 4228 1941 4293 intersit
1982 4230 2339 4295 matutinis
2388 4229 2454 4293 in
2505 4230 2820 4308 ecclesia,

622 4325 841 4409 prime
876 4327 1299 4410 processioni
1334 4349 1415 4392 ac
1456 4349 1714 4412 magne
1765 4329 1995 4407 misse,
2035 4332 2168 4393 sub
2213 4350 2393 4413 pena
2438 4331 2828 4395 amocionis

616 4447 658 4488 a
718 4447 849 4491 suo
909 4426 1225 4504 seruicio,
1300 4441 1503 4511 prout
1566 4429 1634 4491 in
1703 4428 2166 4494 instrumento
2227 4451 2357 4494 suo
2420 4451 2631 4513 super
2695 4431 2827 4495 hoc

749 4582 764 4605 ¹
806 4582 839 4603 ‘⁸
861 4577 911 4627 in
934 4577 959 4595 '⁹
994 4579 1226 4627 secunda
1248 4596 1433 4627 manu.
