3217 5117
1293 372 1841 439 CARTULARY.

1122 470 1973 537 m
2579 469 2655 531 61

451 651 541 715 ad
617 650 832 717 altare
909 650 1042 716 S'ci
1119 649 1388 715 Andree
1465 649 1532 713 in
1614 648 1864 733 Ripon,
1942 648 2061 712 vni
2138 652 2295 733 post
2374 646 2665 711 aJterurn

447 756 846 821 successive.
942 754 1325 820 Reddendo
1392 754 1550 819 inde
1616 750 1741 837 (28)
1806 753 2013 818 michi
2072 760 2141 817 et
2202 754 2340 817 her.
2404 772 2495 815 m.
2559 750 2669 814 vel

447 879 626 925 succ.
693 860 1056 925 annuatim
1117 858 1260 943 vjd.
1323 878 1447 943 pro
1504 859 1692 924 omni
1749 878 1873 922 ser.
1934 863 2003 922 et
2061 857 2239 922 dem.
2300 876 2433 940 que
2492 861 2667 919 terre

449 964 713 1047 possint
758 964 1084 1037 accidere,
1129 962 1270 1027 scil.
1319 968 1456 1027 tres
1499 962 1654 1028 den.
1703 964 1793 1028 ad
1838 962 2033 1027 Pent.
2081 968 2150 1027 et
2196 968 2333 1027 tres
2377 962 2529 1027 den.
2580 961 2667 1027 ad

451 1068 494 1132 f.
542 1067 608 1133 S.
655 1068 744 1133 M.
840 1068 933 1132 Et
975 1088 1102 1153 ego
1143 1066 1302 1150 Joh.
1348 1067 1433 1131 de
1477 1066 1747 1132 Lanum
1790 1072 1859 1130 et
1902 1067 2041 1130 her.
2086 1086 2176 1130 m.
2212 1086 2371 1131 war.
2418 1072 2487 1129 et
2531 1065 2664 1130 def.

449 1178 673 1237 totam
727 1171 916 1255 pred.
976 1177 1229 1237 terram
1283 1171 1472 1254 pred.
1531 1169 1743 1236 Galfr.
1802 1177 1872 1235 et
1926 1170 2297 1253 capellanis
2351 1170 2669 1235 omnibus

447 1278 568 1341 vni
604 1282 761 1361 post
801 1276 1094 1342 aJterum
1132 1277 1201 1341 in
1239 1296 1428 1361 perp.
1469 1276 1648 1341 sicut
1686 1274 1873 1359 pred.
1915 1281 2018 1339 est
2056 1292 2182 1359 pro
2219 1274 2406 1358 pred.
2449 1273 2665 1339 firma.

448 1380 530 1445 In
577 1380 780 1445 huius
825 1387 1060 1445 autem
1109 1380 1201 1444 rei
1249 1381 1457 1444 robur
1501 1386 1570 1443 et
1620 1380 1873 1444 testim.
1926 1379 2083 1444 huic
2128 1379 2385 1463 scripto
2430 1380 2550 1464 sig.
2602 1400 2670 1444 m

447 1485 758 1570 apposui.
855 1485 1008 1549 Hiis
1077 1484 1392 1558 testibuS,
1455 1484 1661 1548 Petro
1721 1484 1805 1548 de
1876 1483 2107 1565 Eyuill
2179 1490 2343 1548 tunc
2414 1484 2671 1549 balliuo

449 1589 724 1675 Rypon,
777 1589 956 1655 Will.
1010 1590 1094 1655 de
1147 1588 1496 1673 Stodelay,
1549 1588 1713 1653 Sim.
1766 1588 1850 1652 de
1900 1588 2301 1665 Munketon,
2356 1588 2531 1654 Rob.
2586 1590 2670 1654 de

449 1693 846 1778 Biscopton,
893 1694 1158 1769 cleriCO,
1208 1692 1369 1758 Sim.
1419 1692 1721 1769 Castlok,
1773 1692 1947 1757 Rob.
1998 1693 2082 1757 de
2130 1693 2439 1777 Spenser,
2488 1693 2665 1760 Gilb.

447 1798 794 1875 vinitariO,
844 1798 1054 1863 Walt.
1108 1798 1192 1863 de
1244 1797 1642 1881 Biscopton,
1697 1797 1871 1863 Rob.
1927 1798 2011 1862 de
2061 1797 2405 1883 Nunwyk,
2459 1798 2665 1866 Walt.

447 1902 538 1968 fil.
583 1902 933 1977 Bernardi‚
975 1910 1044 1967 et
1084 1903 1320 1967 multis
1359 1902 1527 1967 aliis.

449 2080 584 2167 (83)
639 2082 879 2147 CAR‘rA
927 2082 1282 2146 MAGISTRI
1333 2080 1689 2147 GALFR1D1
1741 2098 1837 2146 DE
1888 2081 2191 2145 LARDER
2242 2100 2337 2146 DE
2388 2100 2663 2149 EODEM.

623 2238 826 2303 Omn.
865 2236 929 2301 S.
967 2236 1057 2301 M.
1095 2257 1150 2300 e.
1189 2236 1362 2311 filiis,
1399 2235 1612 2301 Galfr.
1650 2236 1733 2300 de
1768 2236 1971 2302 Lard'
2008 2236 2170 2302 Can.
2208 2238 2367 2303 eccl.
2415 2238 2666 2323 Ripon,
2788 2238 2835 2275 ⁰·
2871 2237 3021 2288 1233·

448 2362 546 2406 sa.
595 2346 806 2406 etern.
855 2341 926 2406 in
973 2340 1290 2405 Domino.
1387 2340 1735 2405 Noueritis
1780 2362 1889 2405 me
1935 2341 2087 2407 ded.
2138 2362 2325 2407 cone.
2376 2350 2445 2407 et
2492 2364 2557 2428 p.
2607 2366 2663 2409 e.
2694 2316 3095 2433 δξῗῇξὲἑῗζΐ

451 2446 630 2511 conf.
679 2445 858 2511 Will.
909 2445 998 2510 fil.
1052 2445 1324 2529 Xpiane
1371 2443 1455 2509 de
1504 2444 1731 2529 Ripon
1780 2444 1947 2510 illud
1994 2446 2253 2512 toftum
2300 2448 2370 2512 in
2418 2448 2667 2533 Stayn-

451 2551 716 2635 brigate
760 2550 949 2636 quod
993 2550 1170 2615 iacet
1217 2550 1395 2614 inter
1439 2548 1697 2613 toftum
1741 2547 1949 2612 Will'i
1995 2550 2247 2615 Piknot
2293 2558 2361 2616 et
2409 2552 2666 2618 toftum

449 2656 639 2743 quod
681 2658 906 2722 fuerat
950 2654 1199 2721 Nades.
1294 2655 1458 2719 Ten.
1505 2661 1573 2717 et
1614 2654 1775 2719 hab.
1821 2654 2008 2738 pred.
2053 2655 2159 2720 W.
2206 2661 2275 2720 et
2318 2678 2368 2721 S.
2416 2658 2663 2743 assign.

451 2754 608 2846 post
663 2782 843 2837 eum,
903 2761 1042 2825 scil.
1103 2758 1471 2843 capellanis
1542 2757 2087 2825 deseruientibus
2165 2760 2254 2825 ad
2324 2761 2540 2827 altare
2598 2763 2662 2828 S.

451 2866 662 2931 Andr.
687 2886 813 2951 pro
832 2865 1146 2930 fidelibus
1166 2864 1510 2930 defunctis
1531 2864 1600 2928 in
1624 2883 1811 2946 perp.
1881 2862 2099 2928 Redd.
2126 2864 2283 2931 inde
2304 2868 2667 2933 annuatim

451 2970 712 3056 Mag'ro
755 2969 922 3034 Tho.
966 2969 1051 3035 de
1101 2969 1411 3053 Kirkeby
1456 2976 1524 3033 et
1570 2987 1749 3033 sace.
1799 2988 1850 3032 s,
1902 2967 2259 3035 Canonicis
2309 2972 2663 3057 (ecclesie)¹

450 3179 860 3263 pertinente,
895 3177 1034 3243 scil.
1071 3177 1189 3262 ijd.
1227 3177 1316 3243 ad
1349 3177 1544 3243 Pent.
1582 3186 1652 3245 et
1684 3178 1804 3263 ijd.
1835 3179 1926 3245 ad
1958 3178 2002 3244 f.
2035 3178 2099 3244 S.
2132 3179 2220 3245 M.
2318 3181 2399 3246 In
2432 3202 2487 3247 c.
2524 3202 2574 3247 r.
2610 3188 2661 3247 t.

448 3290 518 3348 et
580 3284 790 3348 robur
849 3283 1008 3347 huic
1068 3282 1325 3366 scripto
1386 3282 1506 3368 sig.
1571 3305 1662 3348 m.
1730 3283 2038 3367 apposui.
2135 3284 2287 3349 Hiis
2349 3286 2663 3363 testibus,

448 3387 612 3453 d'no
670 3387 875 3451 Petro
929 3386 1282 3471 capellano
1340 3386 1482 3451 d'ni
1537 3387 1903 3472 Archiep’i,
1954 3386 2165 3453 Ganr.
2217 3389 2301 3454 de
2360 3388 2667 3456 Bocland

447 3490 609 3557 Can.
672 3492 830 3556 eccl.
892 3490 1142 3575 Ripon,
1202 3490 1380 3554 Will.
1455 3490 1540 3555 de
1609 3493 1944 3569 Masham,
2005 3494 2378 3577 Jeronimo,
2439 3496 2663 3580 Joh’e,

449 3596 620 3673 Ric',
696 3596 990 3671 Simone,
1064 3595 1368 3661 Waltero
1441 3596 1735 3673 vicariiS,
1813 3598 2037 3664 Rob’o
2110 3598 2364 3675 Mome,
2442 3600 2666 3666 Rob’o

449 3700 885 3777 Brokenban,
947 3700 1174 3765 Will’o
1237 3700 1550 3775 Pikenot,
1618 3702 1867 3784 Joh'ne
1929 3705 2146 3779 fabr0‚
2210 3704 2436 3770 Adam
2499 3705 2663 3787 Pog,

448 3806 715 3871 Thoma
752 3805 950 3879 Coeo,
990 3811 1060 3870 et
1098 3805 1334 3870 multis
1372 3806 1540 3871 aliis.

1107 3970 1238 4055 (84)
1293 3971 1535 4037 CARTA
1584 3989 1681 4037 DE
1730 3990 2005 4039 EODEM.

625 4114 730 4179 Se.
773 4134 872 4198 pr.
914 4120 984 4178 et
1023 4115 1151 4179 fut.
1192 4113 1381 4198 quod
1419 4134 1544 4200 ego
1582 4113 1793 4180 Galfr.
1838 4114 1921 4180 de
1960 4115 2162 4181 Lard'
2204 4116 2365 4183 Can.
2409 4117 2661 4203 Ripon'
2786 4143 2833 4179 e.
2868 4142 3017 4193 1233-

455 4218 630 4294 dedi,
685 4239 900 4293 cone..
955 4224 1024 4282 et
1077 4239 1142 4303 p.
1199 4238 1254 4282 c.
1312 4218 1491 4283 conf.
1548 4219 1776 4283 Will'o
1828 4220 2069 4284 clerico
2118 4220 2209 4285 fil.
2269 4221 2527 4305 Xpiani
2580 4223 2664 4288 de

458 4322 730 4408 Ripon',
772 4323 940 4388 illud
979 4322 1238 4388 toftum
1277 4323 1348 4387 in
1389 4323 1879 4410 Staynbrigate
1916 4324 2103 4409 quod
2144 4326 2275 4391 emi
2316 4326 2400 4391 de
2440 4327 2665 4395 Adam

457 4428 592 4494 filio
623 4426 836 4494 Galfr.
873 4428 1260 4503 Careetarii,
1295 4427 1591 4494 habend.
1631 4433 1909 4494 tantum
1940 4428 2011 4494 in
2044 4429 2194 4495 vita
2226 4450 2371 4505 sua,
2407 4436 2475 4495 et
2508 4439 2666 4518 post

467 4543 1256 4553 -——-————————-———————v-—————

597 4582 612 4605 ¹
651 4578 922 4628 Inserted.
