3217 5117
1108 493 1296 560 Acrs
1343 514 1435 561 OF
1479 495 1839 562 CHAPTER.
2455 515 2582 582 245

363 671 684 746 retinet,''
720 678 874 748 etc..
909 673 1146 738 dicant
1183 680 1252 739 et
1295 675 1599 740 habeant
1638 675 2023 760 specialiter
2058 675 2470 754 ordinatam,
2512 684 2581 742 et

362 795 487 859 pro
508 777 840 842 fratribus
859 785 928 842 et
949 779 1294 844 sororibus
1319 779 1516 844 Gilde
1536 781 1929 846 huiusmodi
1951 781 2129 846 viuis
2149 788 2218 846 et
2240 782 2584 848 defunctis

360 878 644 965 singulis
683 881 924 946 diebus
964 881 1198 947 dicant
1239 889 1308 947 et
1349 883 1535 949 dicat
1573 885 1864 970 quilibet
1904 905 2139 951 eorum
2181 885 2473 951 Placebo
2510 893 2583 951 et

362 983 594 1068 Dirige
639 1006 798 1050 cum
842 987 1445 1053 commendacione
1492 989 1772 1053 tractim
1818 995 1888 1054 et
1934 989 2184 1057 deuote
2228 989 2357 1055 nisi
2406 991 2583 1055 forte

360 1087 596 1173 aliqua
655 1110 866 1155 causa
908 1090 1235 1176 legitima,
1295 1094 1554 1177 absque
1601 1093 1761 1157 dolo
1810 1099 2044 1158 tamen
2104 1095 2214 1158 vel
2277 1094 2579 1172 ficcione‚

357 1193 638 1277 grauius
702 1194 953 1259 fuerint
1018 1196 1353 1280 impediti,
1401 1217 1520 1262 seu
1578 1217 1814 1262 eorum
1878 1197 2123 1283 aliquis
2187 1198 2391 1263 fuerit
2455 1200 2579 1264 im-

357 1297 655 1380 peditus,
709 1305 1082 1383 postquam
1131 1300 1217 1364 de
1267 1300 1661 1366 huiusmodi
1700 1301 2025 1366 Cantaria
2062 1322 2183 1386 per
2231 1302 2579 1387 prefatum

357 1402 747 1466 venerabile
797 1403 1193 1487 Capitulum
1245 1405 1403 1470 eccl.
1460 1405 1709 1489 Ripon'
1764 1425 1884 1471 seu
1933 1406 2142 1471 modo
2189 1407 2579 1492 subscripto

356 1504 476 1569 vni
515 1505 884 1590 Capellano
921 1508 1193 1591 ydoneo
1231 1509 1514 1574 collacio
1555 1509 1743 1574 facta
1783 1509 2013 1586 fuerit,
2053 1516 2124 1575 et
2160 1510 2302 1595 ipse
2340 1511 2577 1596 Capel-

355 1609 556 1674 lanus
595 1610 917 1676 inductus
955 1611 1026 1676 in
1065 1613 1306 1678 eadem
1345 1619 1551 1697 prout
1587 1620 1692 1678 est
1725 1612 1868 1677 fieri
1900 1621 2306 1680 consuetum
2338 1614 2408 1680 in
2449 1615 2578 1680 hoc

356 1735 541 1779 casu.
636 1715 969 1781 Volumus
1014 1716 1231 1781 eciam
1275 1723 1344 1781 et
1391 1717 1789 1783 ordinamus
1833 1718 2021 1803 quod
2067 1719 2377 1803 prefatus
2423 1719 2577 1784 d'ns

359 1817 659 1884 Rob'tus
747 1819 1153 1904 Capellanus
1242 1822 1590 1906 ipsiusque
1679 1842 2097 1887 successores
2185 1823 2577 1888 huiusmodi

353 1924 661 1988 cantarie
691 1924 1046 2008 capellani,
1080 1945 1316 1990 omnes
1341 1931 1412 1989 et
1435 1925 1683 2011 singuli
1708 1925 1849 1992 suis
1874 1927 2301 2011 temporibus
2331 1928 2579 1992 fratres

353 2033 422 2091 et
481 2047 746 2093 sorores
803 2027 1001 2093 Gilde
1061 2029 1388 2114 predicte,
1449 2030 1506 2094 si
1565 2030 1637 2094 in
1698 2029 2060 2095 aduersam
2118 2031 2575 2097 valitudinem

352 2131 740 2207 inciderint,
777 2133 1091 2197 visitabit
1126 2139 1196 2198 et
1230 2134 1619 2199 visitabunt
1653 2135 2018 2199 caritatiue
2052 2155 2211 2200 cum
2246 2136 2577 2221 obsequio

352 2236 716 2322 spirituali,
775 2258 856 2301 ac
909 2237 1234 2302 residebit
1289 2244 1359 2302 et
1415 2238 1813 2304 residebunt
1870 2260 1951 2303 ac
2005 2239 2453 2324 personaliter
2505 2240 2576 2305 in

352 2340 543 2405 dicta
609 2340 890 2406 ecclesia
959 2342 1208 2427 Ripon'
1279 2342 1702 2407 ministrabit
1770 2349 1840 2407 et
1907 2344 2425 2419 ministrabunt,
2496 2365 2577 2409 ac

353 2445 674 2510 habitum
706 2451 786 2510 vt
817 2446 1028 2530 ipsius
1061 2446 1286 2511 eccl’ie
1319 2446 1555 2531 vicarij
1593 2447 1855 2511 deferet
1887 2454 1957 2511 et
1989 2447 2297 2513 deferent
2328 2447 2574 2534 singuli

350 2550 490 2615 suis
549 2550 976 2635 temporibus
1031 2551 1430 2615 successiuis
1487 2551 1807 2616 omnibus
1864 2551 2047 2616 horis
2104 2553 2449 2617 canonicis
2507 2553 2575 2618 in

349 2653 558 2719 choro
605 2654 910 2731 eiusdem
957 2654 1232 2719 ecclesie
1276 2661 1346 2719 et
1401 2655 1945 2739 processionibus
2001 2677 2082 2720 ac
2137 2655 2291 2740 alijs
2342 2653 2449 2740 (84
2476 2657 2568 2740 v.)

348 2757 514 2822 locis
575 2766 644 2822 et
708 2758 1132 2843 temporibus
1192 2758 1508 2844 congruis
1568 2759 1637 2823 in
1700 2759 1952 2825 diuinis
1998 2766 2070 2824 et
2117 2759 2569 2837 oracionibUS,

348 2861 658 2948 legitimo
719 2868 1028 2927 cessante
1092 2863 1605 2947 impedimentO,
1658 2863 1966 2928 intererit
2032 2872 2100 2927 et
2166 2864 2570 2942 intererunt,

349 2966 775 3031 ministrabit
856 2972 925 3030 et
1007 2967 1524 3043 ministrabunt,
1611 2968 1916 3051 exceptis
1997 2967 2239 3032 diebus
2318 2969 2572 3053 quibus

353 3070 680 3135 ferialiter
706 3077 775 3135 et
807 3070 891 3135 de
923 3071 1088 3135 feria
1118 3071 1347 3156 agitur
1373 3078 1444 3135 et
1474 3071 1543 3135 in
1574 3071 1856 3136 ecclesia
1883 3072 2287 3148 celebratur,
2318 3073 2571 3157 quibus

350 3175 593 3240 diebus
637 3175 1029 3239 huiusmodi
1073 3175 1406 3259 capellani
1453 3196 1492 3239 a
1535 3196 1663 3240 sua
1706 3176 2045 3260 personali
2088 3177 2569 3242 interesse-noia

349 3279 419 3344 in
471 3281 681 3344 choro
734 3279 1041 3363 predicto
1092 3279 1412 3345 volumus
1465 3280 1795 3355 excusari,
1838 3286 2065 3364 preter
2107 3281 2568 3364 processiones

348 3390 426 3448 vt
474 3383 835 3468 prefertur,
878 3391 946 3448 et
1002 3389 1228 3468 preter
1281 3389 1510 3449 totum
1565 3383 1946 3449 aduentum
2000 3385 2163 3448 D'ni
2216 3391 2287 3448 et
2341 3390 2567 3450 totam

346 3486 964 3573 quadragesimam,
1041 3487 1108 3551 in
1180 3488 1432 3572 quibus
1499 3488 1727 3572 ipsum
1788 3494 1858 3552 et
1918 3509 2337 3553 successores
2405 3509 2567 3554 suos

347 3592 672 3657 interesse
729 3592 1178 3675 personaliter
1232 3592 1651 3667 ordinamuS,
1712 3614 1793 3657 ac
1849 3599 1918 3656 et
1977 3592 2061 3656 de
2118 3593 2438 3657 omnibus
2494 3599 2565 3658 et

345 3696 627 3782 singulis
673 3696 998 3770 obitibus,
1045 3702 1478 3762 mortuorum
1522 3696 1853 3781 exequijS,
1902 3703 1970 3760 et
2016 3697 2566 3782 quibuscumque

347 3800 638 3866 aliarum
681 3799 1202 3864 elemosinarum
1245 3800 1728 3885 largicionibus
1770 3800 1855 3864 de
1898 3821 2080 3865 nouo
2123 3807 2279 3885 post
2324 3801 2564 3866 datam

346 3905 773 3989 presencium
820 3924 940 3988 per
986 3925 1107 3968 nos
1154 3924 1272 3968 seu
1320 3905 1565 3968 fratres
1613 3911 1681 3968 et
1728 3925 1990 3969 sorores
2034 3904 2213 3989 gilde
2260 3905 2565 3989 predicte

345 4015 469 4074 aut
503 4008 659 4092 alijs
694 4009 1023 4073 ministris
1057 4008 1238 4072 dicte
1273 4008 1548 4073 ecclesie
1582 4008 1937 4093 collegiate
1970 4008 2563 4094 qualitercumque

343 4112 796 4178 concedendis
821 4133 942 4177 seu
967 4112 1414 4188 conferendiS,
1439 4119 1517 4177 vt
1539 4113 1713 4177 alius
1733 4113 2223 4198 cuiuscumque
2244 4113 2563 4178 Cantaric

343 4217 738 4302 capellanus
773 4217 842 4281 in
877 4216 1066 4281 dicta
1099 4216 1258 4280 eccl.
1299 4216 1462 4281 Coll.
1502 4216 1775 4281 realiter
1808 4217 2136 4301 percipiet
2172 4224 2243 4281 et
2278 4218 2561 4281 habebit

343 4343 424 4387 ac
471 4321 746 4386 realiter
792 4321 886 4384 sic
934 4320 1313 4405 percipient
1362 4327 1430 4384 et
1481 4321 1861 4395 habebunt,
1900 4321 1967 4385 in
2016 4321 2269 4405 quibus
2316 4321 2443 4404 ipsi
2492 4328 2559 4386 et

343 4427 454 4510 alij
499 4425 798 4490 ministri
836 4425 1016 4489 dicte
1055 4424 1282 4490 eccl'ie
1321 4425 1390 4490 in
1429 4425 1651 4489 forma
1690 4425 2146 4489 ordinacionis
2184 4424 2341 4489 inde
2380 4424 2562 4489 facte

343 4529 793 4617 personaliter
870 4529 1196 4594 interesse
1275 4534 1646 4595 teneantur
1722 4535 1795 4594 et
1876 4535 2194 4594 teneatur
2270 4528 2561 4615 quilibet

2682 1717 2931 1767 Pastoral

2645 1784 2961 1834 visitation.

2627 2653 2891 2704 Praeence
2916 2655 2973 2704 in

2648 2721 2817 2778 choir,
2847 2726 2953 2771 etc.
