3217 5117
142 1004 279 1050 Nota
307 1004 366 1049 de
394 1004 497 1051 ulla

119 1084 246 1117 mea
268 1069 423 1131 viijw
441 1069 515 1116 Ia·

120 1150 373 1197 genarum
391 1136 516 1183 data

162 1206 258 1264 pro
288 1206 481 1251 morlu-

144 1270 276 1324 an'o,
313 1274 493 1317 contra

120 1335 260 1383 diota
286 1350 516 1384 camera-

138 1402 227 1463 ris,
256 1402 350 1466 qui
376 1402 504 1451 dicit

137 1468 324 1517 melius
361 1468 517 1517 indu-

138 1541 369 1583 mentum
396 1550 505 1584 esse

166 1602 404 1651 dandum
430 1606 477 1651 ct

190 1684 297 1717 non
324 1669 468 1717 alius

158 1735 279 1796 (sic)
312 1741 482 1799 preter

178 1802 387 1851 animal
413 1804 463 1851 si

182 1870 447 1919 habe-atur.

546 416 669 491 168
1114 421 1271 491 Tm:
1320 424 1635 491 INGILBY
1682 424 2174 491 MANuscmp‘r.

542 606 885 682 memorie,
948 606 1171 671 condo
1230 611 1730 671 testamentum
1789 626 2018 670 meum
2081 605 2148 669 in
2209 604 2392 668 hunc
2451 603 2760 668 modum.

545 711 627 775 In
678 712 915 795 primis
966 710 1054 775 do
1106 717 1174 774 et
1225 711 1375 795 lego
1426 709 1729 776 animam
1781 730 2008 775 meam
2061 710 2208 773 Deo
2257 707 2763 792 omnipotenti,

546 817 745 879 beate
793 815 1003 879 Marie
1048 815 1323 900 Virgine
1376 814 1515 897 (sic)
1570 820 1640 878 et
1687 814 2006 879 omnibus
2051 813 2329 888 sanctiS,
2378 832 2765 897 corpusque

546 940 773 984 meum
816 920 906 984 ad
946 919 1411 1003 sepeliendum
1454 919 1521 983 in
1564 919 1722 984 eccl.
1767 918 1932 983 Coll.
1979 917 2229 1002 Ripon’
2274 937 2505 982 coram
2548 916 2766 981 altare

545 1024 692 1088 S'ce
748 1022 1126 1088 Trinitatis,
1226 1023 1402 1088 Item
1462 1023 1551 1087 do
1608 1030 1679 1087 et
1734 1024 1885 1108 lego
1941 1042 2153 1087 unam
2211 1021 2416 1086 ollam
2474 1041 2763 1087 enneam

544 1128 901 1192 continens
938 1128 1056 1212 viij
1100 1127 1376 1212 lagenas
1408 1147 1531 1211 pro
1564 1126 1942 1192 mortuario
1981 1146 2152 1191 me0.
2252 1125 2338 1189 It'
2380 1126 2470 1190 do
2507 1132 2578 1189 et
2615 1126 2765 1211 lego

543 1232 612 1296 in
658 1252 811 1296 cera
854 1232 1319 1297 comburenda
1362 1231 1541 1296 circa
1582 1252 1830 1315 corpus
1873 1242 2104 1295 meum
2149 1231 2218 1295 in
2262 1230 2372 1295 die
2415 1231 2765 1314 sepulture

546 1357 714 1411 mee,
754 1357 871 1400 sex
910 1336 1024 1400 lib.
1066 1356 1235 1411 cere,
1277 1342 1345 1399 et
1384 1335 1543 1400 volo
1580 1335 1769 1420 quod
1807 1335 1965 1400 inde
2003 1335 2174 1400 fiant
2213 1335 2340 1399 nisi
2379 1334 2514 1399 due
2551 1354 2761 1399 ceree.

548 1440 635 1504 It’
712 1440 802 1505 do
874 1446 943 1504 et
1015 1440 1163 1525 lego
1236 1440 1654 1524 pauperibus
1725 1440 2212 1525 languentibus
2285 1445 2354 1503 et
2428 1440 2498 1503 in
2571 1438 2765 1503 lectis

546 1544 927 1611 iacentibus
963 1544 1141 1609 infra
1177 1543 1413 1608 villam
1448 1544 1533 1608 de
1572 1544 1848 1628 Ripon’,
1889 1543 2066 1628 xiijs.
2109 1543 2276 1627 iiijd.
2375 1544 2463 1608 It’
2502 1544 2654 1628 lego
2689 1542 2756 1627 vj

545 1649 820 1733 vicarijs
856 1648 1135 1713 cuilibet
1171 1648 1192 1732 j
1236 1648 1521 1712 cocliare
1559 1654 1631 1712 et
1669 1647 1862 1731 xijd.‚
1903 1654 1973 1712 et
2011 1647 2173 1712 d’no
2213 1648 2472 1713 Rob’to
2511 1648 2765 1712 Merrot

547 1752 587 1836 ij
659 1751 975 1817 cocliaria
1038 1758 1107 1816 et
1174 1752 1340 1836 xijd.
1401 1758 1469 1815 et
1535 1752 1554 1836 j
1627 1764 2036 1817 murenam.¹
2133 1752 2222 1816 It'
2280 1752 2430 1837 lego
2483 1752 2764 1817 cuilibet

544 1856 832 1921 diacono
916 1862 985 1920 et
1068 1856 1512 1931 subdiaconO,
1598 1856 1744 1940 vjd.
1834 1856 2112 1921 cuilibet
2199 1856 2610 1921 turibulario
2694 1862 2764 1920 et

542 1965 820 2031 cuilibet
876 1965 1191 2039 choriste,
1250 1964 1368 2048 ijd.
1428 1984 1547 2048 per
1600 1964 1877 2049 equales
1931 1965 2304 2049 porciones,
2403 1965 2490 2028 It'
2548 1964 2640 2029 do
2693 1970 2762 2029 et

540 2070 689 2155 lego
768 2069 1048 2134 cuilibet
1129 2068 1484 2152 capellano
1564 2074 1874 2133 cantuar.
1961 2068 2377 2134 habentibus
2462 2068 2602 2152 (sic)
2691 2068 2760 2133 in

541 2174 822 2239 ecclesia
860 2173 1189 2257 predicta,
1233 2172 1399 2256 xijd.
1499 2173 1587 2236 It’
1631 2172 1779 2258 lego
1820 2173 2080 2258 Mag'ro
2117 2173 2456 2238 scolarum
2493 2193 2761 2258 grama-

541 2277 871 2353 ticalium,
912 2276 1078 2361 xijd.
1178 2277 1263 2341 It'
1302 2277 1451 2361 lego
1485 2298 1757 2341 summo
1793 2276 1991 2342 altari
2029 2276 2157 2361 vjs.
2196 2277 2389 2361 viijd.
2488 2278 2574 2341 It'
2613 2278 2761 2362 lego

542 2382 795 2448 fabrice
852 2382 1009 2446 eccl.
1072 2380 1375 2465 predicte
1431 2381 1451 2465 j
1514 2382 1825 2466 gawelok
1882 2387 1951 2445 et
2007 2381 2027 2465 j
2091 2381 2401 2446 mallium
2458 2381 2756 2447 serrium.

542 2486 631 2551 It'
684 2486 833 2571 lego
883 2486 1045 2550 d’no
1096 2485 1281 2569 Joh’i
1334 2485 1417 2549 de
1470 2485 1662 2550 Dene
1713 2506 1924 2551 vnam
1975 2487 2239 2569 peciam
2290 2492 2549 2569 argent.
2605 2508 2760 2552 curn

540 2596 980 2675 coopertoreo
1058 2610 1195 2675 arg.
1295 2590 1383 2653 It'
1462 2589 1613 2675 lego
1691 2590 1977 2654 Isabelle
2052 2589 2138 2654 de
2212 2589 2432 2656 Grene
2508 2591 2762 2655 lectum

540 2694 933 2778 plumalem,
1005 2694 1026 2778 j
1111 2694 1515 2758 bordclothe
1591 2700 1775 2758 cont.
1839 2694 1955 2778 xvj
2032 2694 2250 2771 vlnaS,
2324 2694 2463 2759 duo
2532 2696 2762 2759 towall

542 2798 815 2863 insimul
850 2819 1130 2873 conexa,
1168 2805 1237 2862 et
1271 2797 1291 2881 j
1332 2797 1538 2862 ollam
1574 2819 1864 2863 enneam
1897 2798 2235 2883 optimam
2269 2806 2496 2883 preter
2527 2820 2758 2865 vnam.

546 2903 633 2967 It'
678 2902 991 2967 Elienore
1031 2902 1165 2966 filie
1204 2900 1413 2965 Will’i
1452 2902 1536 2967 de
1578 2902 1801 2966 Grene
1839 2902 1859 2986 j
1906 2909 2161 2987 togam,
2202 2924 2414 2968 vnam
2456 2904 2763 2969 tunicam

542 3028 698 3072 cum
746 3007 1031 3091 capucio
1078 3006 1161 3071 de
1209 3006 1497 3072 Skarlet.
1618 3008 1704 3071 It'
1754 3007 1902 3092 lego
1949 3006 2330 3093 Margarete
2376 3008 2510 3072 filie
2555 3008 2761 3073 Will'i

542 3111 626 3176 de
693 3110 915 3177 Grene
980 3110 1000 3194 j
1073 3112 1581 3195 coopertorium
1649 3132 1805 3176 cum
1873 3117 2131 3195 tapete.
2231 3112 2316 3178 It.
2387 3113 2535 3199 lego
2602 3114 2763 3178 d’no

546 3216 851 3280 Roberto
900 3214 985 3279 de
1033 3214 1291 3279 Durem
1339 3215 1359 3298 ]”
1413 3235 1793 3280 murenam.
1890 3215 1978 3279 It’
2025 3216 2188 3281 d’no
2238 3217 2495 3282 Rob’to
2545 3218 2764 3301 Batty

544 3341 759 3384 vnum
812 3319 1317 3404 coopertorium
1368 3340 1527 3384 cum
1582 3326 1815 3403 tapete
1867 3326 1936 3383 et
1987 3318 2006 3403 j
2065 3321 2310 3385 cistam
2361 3322 2761 3406 quarcinam

545 3424 829 3509 ligatam
866 3444 1023 3488 cum
1062 3424 1257 3488 ferro,
1356 3424 1443 3487 It'
1483 3423 1633 3509 lego
1671 3423 1933 3488 Matild’
1975 3423 2193 3509 Batty
2227 3447 2438 3491 Vnam
2473 3426 2762 3492 viridem

547 3536 801 3613 togam.
899 3526 987 3591 It’
1018 3528 1165 3612 lego
1191 3528 1354 3592 d'no
1380 3526 1566 3610 Joh’i
1594 3527 1679 3592 de
1709 3527 2120 3613 Kelynghall
2147 3551 2356 3595 vnam
2382 3552 2760 3608 murenam,

544 3632 565 3715 j
613 3632 1019 3696 mortarium
1062 3632 1343 3696 ennium
1386 3652 1543 3696 cum
1586 3632 1856 3696 duobus
1896 3633 2196 3716 pestellis
2249 3636 2372 3719 (65)
2424 3636 2651 3700 ferreis
2693 3644 2761 3701 et

546 3736 777 3801 omnia
825 3757 993 3801 vasa
1045 3756 1199 3799 mea
1248 3735 1519 3820 pelter.2
1614 3736 1700 3800 It'
1758 3736 1907 3822 lego
1963 3738 2211 3821 xpiane
2265 3740 2764 3825 consanguinee

548 3861 695 3905 mee
735 3840 939 3904 michi
979 3840 1303 3904 seruienti
1341 3838 1362 3924 j
1408 3840 1937 3926 coopertorium,
1979 3842 2022 3929 ij
2070 3841 2386 3907 blankets
2425 3850 2493 3907 et
2533 3846 2763 3910 omnia

548 3943 983 4009 linthiamina
1025 3965 1179 4008 mea
1222 3966 1359 4010 non
1402 3944 1652 4030 legata,
1697 3966 1908 4011 vnam
1952 3952 2185 4031 togam
2227 3947 2563 4030 optimam
2607 3969 2763 4013 cum

548 4047 832 4131 capucio
858 4050 1065 4113 rubro
1091 4049 1174 4113 de
1201 4049 1525 4124 Skarlett,
1552 4048 1573 4133 j
1608 4070 1858 4126 arcam,
1885 4050 1906 4133 j
1938 4049 2193 4134 peluim
2219 4071 2375 4115 cum
2401 4052 2762 4129 lauatoriO,

550 4158 619 4215 et
663 4152 895 4216 omnia
938 4154 1259 4219 vtensilia
1301 4154 1591 4238 coquine
1637 4159 1705 4217 et
1752 4154 1902 4217 aule
1945 4174 2081 4218 non
2128 4154 2374 4239 legata,
2421 4164 2489 4221 et
2534 4157 2762 4221 omnia

550 4256 781 4320 towall
842 4264 912 4321 et
973 4257 1448 4322 bordeclathes
1508 4278 1648 4321 non
1711 4257 1955 4342 legata.
2065 4258 2244 4323 Item
2305 4260 2454 4346 lego
2516 4262 2764 4347 Agneti

1051 4370 1342 4378 ——.—

693 4422 707 4445 ¹
748 4418 855 4468 For
883 4418 1233 4475 murrln'nam,
1263 4434 1297 4469 a
1324 4436 1523 4481 mazer,
1552 4436 1616 4471 or
1643 4423 1825 4486 maple
1851 4422 2264 4487 drinking-cup.

690 4514 711 4537 ²
749 4510 982 4569 Pewter‚
1014 4510 1140 4561 Ital.
1168 4510 1349 4574 peltra-
