3217 5117
1143 491 1331 555 Acrs
1377 507 1468 556 or
1514 488 1872 557 CHAPTER.
2492 509 2615 575 193

400 670 839 745 continentiS,
882 669 1268 734 faciendam
1309 675 1379 733 et
1419 670 1895 754 exequendam
1935 676 2003 735 et
2043 670 2334 735 fideliter
2372 672 2617 756 perim-

399 774 746 857 plendam,
793 774 1077 839 dilectos
1119 774 1188 838 in
1233 794 1372 858 xpo
1413 774 1605 838 d’nm
1651 773 1923 857 Joh'em
1969 776 2161 839 Dene
2201 776 2615 840 confratrem

400 899 650 955 meum,
734 877 1007 961 Joh'em
1086 878 1310 963 Pygot
1391 878 1841 964 Armigerum,
1924 886 1993 943 et
2072 879 2263 944 d’nm
2342 880 2615 964 Joh’em

405 982 736 1058 RedeneS,
764 982 1217 1066 capellanum,
1245 981 1488 1047 ordino
1513 989 1583 1047 et
1609 984 1959 1049 constituo
1984 991 2379 1050 executores
2404 1004 2610 1050 meos

399 1088 492 1151 Et
551 1087 833 1152 cuilibet
895 1086 1264 1151 eorundem
1327 1087 2001 1153 administracionem
2060 1089 2131 1153 in
2191 1089 2387 1153 bonis
2446 1089 2614 1153 meis
2640 1095 2774 1142 each
2802 1098 2865 1142 to
2898 1095 3041 1145 have

399 1191 795 1276 suscipienti
854 1197 921 1255 et
981 1190 1422 1267 ministranti,
1480 1191 1667 1255 vltra
1722 1212 2063 1257 summam
2120 1194 2430 1278 superius
2484 1193 2612 1257 sibi
2781 1174 2893 1220 ⁴⁰⁵²

397 1296 719 1381 legatam,
753 1296 844 1360 do
874 1301 944 1359 et
974 1294 1124 1380 lego
1155 1294 1224 1359 xl
1254 1294 1474 1370 solid,
1509 1295 1819 1381 dansque
1849 1303 1919 1361 et
1952 1298 2329 1362 concedens
2360 1297 2614 1362 eisdem

397 1401 878 1466 executoribus
923 1400 1093 1464 meis
1140 1398 1224 1464 de
1271 1400 1822 1485 quibuscumque
1869 1401 2067 1465 bonis
2116 1408 2185 1465 et
2232 1402 2497 1467 catallis
2544 1408 2613 1467 et

398 1504 758 1570 domorum
825 1503 1233 1568 vtensilibus
1298 1504 1466 1567 meis
1531 1504 1914 1569 vendendis
1978 1524 2413 1591 quecumque
2479 1506 2611 1571 sibi

395 1609 613 1685 vtilia,
703 1608 1085 1673 secundum
1153 1628 1388 1673 eorum
1458 1628 1695 1673 veram
1769 1609 2143 1675 dumtaxat
2214 1617 2284 1675 et
2356 1610 2611 1675 iustam

396 1713 1004 1797 appreciacionem,
1046 1711 1315 1776 emendi
1355 1712 1641 1777 liberam
1683 1713 2109 1779 facultatem.
2204 1715 2297 1779 Et
2337 1716 2613 1799 insuper
2662 1726 2929 1791 Majority
2958 1728 3016 1775 of

395 1818 554 1882 volo
607 1823 678 1882 et
733 1817 974 1881 ordino
1027 1816 1213 1900 quod
1269 1816 1324 1880 si
1379 1816 1669 1881 forsitan
1724 1818 1795 1881 in
1850 1824 2105 1883 euentu
2160 1818 2339 1883 inter
2391 1819 2612 1883 dictos
2638 1798 3041 1909 ἕζοῖἳὲῗζὲζᾷ

396 1928 794 1987 executores
837 1940 1026 1985 meos
1071 1921 1422 1985 occasione
1469 1921 2091 1987 administracionis
2136 1943 2255 1987 sue
2300 1924 2369 1986 in
2414 1923 2612 1987 bonis
2656 1927 2713 1975 οἱ
2746 1929 3020 1991 question.

395 2027 565 2091 meis
597 2026 824 2111 alique
855 2025 1315 2089 controuersie
1347 2025 1603 2090 fuerint
1636 2027 1987 2101 suscitate,
2021 2026 2209 2111 quod
2241 2027 2613 2091 eorundem

394 2137 840 2195 executorum
879 2128 1156 2193 maioris
1193 2129 1410 2213 partis
1449 2130 1735 2194 arbitrio
1774 2131 2054 2196 omnino
2091 2137 2316 2196 stetur
2358 2132 2497 2215 (sic)
2544 2137 2613 2195 et

395 2236 530 2300 fine
596 2234 832 2299 debito
898 2234 1324 2298 terminetur.
1420 2234 1647 2298 Huius
1712 2240 1947 2300 autem
2016 2236 2413 2300 testamenti
2481 2235 2614 2300 mei

391 2338 895 2423 superuisorem
945 2337 1186 2402 ordino
1235 2344 1304 2401 et
1353 2338 1705 2402 constituo
1754 2338 1979 2403 Ric’m
2028 2338 2113 2403 de
2163 2339 2451 2415 Norton,
2503 2340 2614 2403 cui
2708 2328 2978 2443 ᾒηῐέξξῑὲξ·

395 2444 488 2508 do
521 2450 593 2507 et
626 2443 776 2527 lego
809 2462 1020 2506 vnam
1056 2442 1320 2526 peciam
1355 2441 1763 2507 deauratam
1798 2464 1955 2507 cum
1990 2443 2243 2508 circulo
2275 2444 2611 2527 veprium,
2675 2462 3006 2524 supervisor.

396 2553 466 2611 et
500 2547 883 2631 Aquarium
913 2566 1142 2611 meum
1173 2546 1606 2621 deauratum,
1642 2546 1935 2611 eundem
1970 2546 2191 2612 Ric’m
2222 2547 2615 2631 supplicans

399 2651 742 2716 attencius
768 2656 837 2714 et
863 2650 1113 2714 deuote
1139 2656 1482 2735 quatenus
1509 2672 1683 2715 onus
1710 2651 2197 2735 superuisionis
2225 2651 2615 2716 huiusmodi

396 2757 467 2820 in
517 2776 588 2819 se
637 2754 948 2819 caritatis
996 2754 1260 2819 intuitu
1311 2754 1633 2839 dignetur
1681 2756 1995 2839 recipere,
2049 2762 2119 2819 et
2168 2756 2453 2839 prefatis
2502 2775 2617 2819 ex-

397 2858 792 2924 ecutoribus
839 2858 1007 2921 meis
1054 2857 1194 2922 suis
1242 2857 1498 2921 au'xilio
1545 2863 1616 2921 et
1663 2857 1943 2922 consilio
1990 2858 2500 2943 circumspectis
2546 2859 2617 2923 in

397 2963 534 3047 hijs
569 2983 706 3047 que
741 2961 1026 3026 celerem
1064 2968 1134 3025 et
1172 2960 1480 3025 debitam
1519 2962 1997 3026 execucionem
2035 2963 2369 3046 presentis
2408 2969 2617 3026 testa-

399 3067 617 3132 menti
686 3066 821 3130 mei
889 3071 1311 3130 concernunt
1383 3066 1808 3149 temporibus
1877 3066 2236 3150 oportunis
2304 3066 2616 3129 assistere

399 3171 722 3257 graciose.
821 3169 901 3234 In
928 3189 1221 3254 quorum
1251 3168 1558 3234 omnium
1587 3176 1658 3233 et
1684 3168 2105 3254 singulorum
2133 3171 2617 3254 premissorum

405 3274 878 3341 testimonium
951 3280 1163 3358 atque
1236 3272 1442 3337 fidem
1515 3273 1811 3359 sigillum
1884 3294 2115 3339 meum
2188 3274 2619 3357 presentibus

405 3378 715 3464 apposui,
793 3378 1224 3462 presentibus
1298 3377 1476 3441 d’nis
1553 3377 1751 3442 Ric’o
1827 3376 2175 3441 Vlneskelf
2248 3384 2317 3441 et
2394 3378 2620 3443 Will'o

407 3484 727 3557 Welwek,
776 3482 1052 3566 vicarijs
1097 3482 1284 3546 chori
1331 3481 1488 3547 eccl.
1540 3481 1746 3547 Ebor.
1798 3488 1865 3545 et
1910 3481 2110 3564 Joh’e
2152 3482 2619 3567 Wyttyngton

407 3587 760 3671 Armigero
805 3586 1100 3650 testibus
1147 3586 1234 3649 ad
1280 3585 1613 3669 premissa
1658 3585 1924 3649 vocatis
1968 3592 2039 3649 et
2085 3585 2359 3669 rogatis,
2453 3586 2615 3651 Dat.

408 3691 596 3775 apud
663 3691 868 3755 Ebor.
941 3690 1152 3754 tercio
1219 3689 1328 3754 die
1395 3689 1748 3755 Februarii
1814 3689 2017 3753 Anno
2084 3689 2243 3753 D'ni
2314 3688 2623 3754 Mill'imo

409 3795 1056 3880 quadragentesimo
1092 3794 1358 3857 decimo
1394 3814 1598 3859 nono,

2682 3354 3000 3403 XVitnesseS.

1031 3974 1206 4059 (286)
1265 3974 1586 4057 (Probate
1635 3982 1709 4039 at
1758 3976 1997 4056 York).

586 4117 667 4182 In
751 4116 878 4181 Dei
962 4115 1258 4191 nomine,
1343 4114 1584 4181 Amen.
1678 4114 2012 4179 Admissis
2094 4115 2621 4198 probacionibus
2728 4151 2972 4200 14¹9-20.

403 4242 613 4305 super
665 4221 964 4286 factione
1019 4220 1416 4285 testamenti
1474 4218 1881 4283 venerabilis
1936 4218 2065 4283 viri
2121 4218 2359 4303 Mag'ri
2415 4220 2620 4285 Will'i
2719 4206 2856 4254 Mar.
2890 4219 2973 4267 23-

405 4326 658 4391 Cawod
713 4325 1077 4390 confratris
1131 4331 1199 4389 et
1254 4323 1565 4388 canonici
1622 4323 1839 4387 nostri
1893 4322 2323 4406 presentibus
2376 4323 2623 4390 litteris

404 4430 660 4495 nostris
689 4430 961 4505 annexi,
992 4428 1219 4513 ipsum
1248 4433 1746 4492 testamentum
1776 4427 1906 4491 rite
1935 4426 2199 4491 factum
2228 4434 2295 4492 et
2325 4427 2625 4513 legitime

404 4535 780 4620 probatum
807 4532 1362 4618 pronunciatum,
1391 4530 1872 4595 executoribus
1897 4530 1967 4595 in
1992 4530 2181 4595 dicto
2206 4536 2625 4597 testamento

761 4667 836 4730 13
