3217 5117
608 456 735 505 202
1172 440 1329 505 THE
1380 440 1695 506 INGILBY
1743 440 2239 505 MANUSCRIPT.

205 636 321 712 Tne
348 637 529 701 Chap-
604 619 687 683 de
733 618 1007 703 Ripon',
1056 619 1335 695 Barker,
1382 626 1451 685 et
1494 620 1814 703 Johanne
1856 620 2089 685 vxoris
2129 640 2270 695 sue,
2316 620 2838 705 imperpetuum

192 704 349 753 ¹³¹¹¹⁵'
391 705 544 753 ⁰³³¹·
602 724 1000 788 conceditur
1086 730 1154 788 et
1243 724 1485 789 eciam¹
1577 724 1984 810 assignatur.
2079 724 2190 788 Ad
2276 745 2410 809 que
2497 726 2838 810 premissa

601 829 833 893 omnia
871 835 940 893 et
978 828 1247 914 singula
1284 829 1379 893 sic
1417 835 1496 893 vt
1537 828 1912 913 predicitur
1950 830 2285 904 facienda,
2327 828 2828 914 perimplenda,

599 940 669 997 et
713 933 803 998 ad
846 934 1027 999 hunc
1072 940 1379 998 nostram
1423 934 1937 999 ordinacionem
1980 934 2267 999 firmiter
2309 935 2826 1019 imperpetuum

600 1038 1123 1114 obseruandam,
1174 1039 1484 1123 prefatus
1532 1039 1686 1103 d’ns
1737 1037 1972 1104 Ric'us
2017 1038 2426 1123 Capellanus
2473 1060 2554 1103 ac
2603 1040 2826 1104 futuri

597 1163 1015 1207 successores
1060 1143 1162 1208 sui
1211 1143 1393 1207 dicte
1437 1143 1745 1208 cantarie
1791 1138 2124 1227 capellani
2171 1164 2408 1208 omnes
2455 1149 2525 1207 et
2569 1144 2824 1229 singuli

598 1247 1051 1312 incontinenti
1091 1254 1249 1332 post
1287 1248 1591 1331 ipsorum
1630 1247 2033 1313 canonicam
2072 1248 2548 1313 induccionem
2585 1268 2824 1313 coram

598 1351 785 1416 dicto
848 1352 1155 1436 capitulo
1223 1351 1471 1436 Ripon'
1540 1373 1659 1417 seu
1726 1352 1860 1417 alio
1923 1373 2360 1437 quocumque
2425 1352 2828 1417 conferente

598 1457 980 1521 cantariam
1069 1457 1472 1541 predictam,
1563 1462 1642 1520 vt
1731 1458 2092 1541 prefertur,
2185 1457 2274 1521 ad
2361 1463 2604 1521 sancta
2694 1456 2828 1521 Dei

600 1561 977 1646 Euangelia
1027 1582 1147 1645 per
1196 1560 1379 1645 ipsos
1429 1560 1818 1644 capellanos
1869 1567 1938 1625 et
2000 1560 2378 1645 quemlibet
2445 1560 2826 1625 eorundem

598 1664 1039 1749 corporaliter
1094 1672 1285 1730 tacta
1338 1666 1677 1750 prestabit
1733 1672 1803 1730 et
1858 1666 2272 1750 prestabunt
2327 1666 2823 1742 iuramentum,

599 1770 902 1855 alioquin
934 1770 1216 1835 collacio
1248 1778 1317 1835 et
1350 1769 1665 1835 induccio
1699 1770 1909 1854 ipsius
1947 1770 2280 1853 capellani
2320 1770 2390 1834 in
2435 1770 2825 1835 cantariam

597 1874 978 1959 predictam
1054 1875 1157 1959 (72
1186 1877 1278 1957 v.)
1354 1874 1473 1959 qui
1543 1874 1614 1939 in
1683 1874 1904 1939 forma
1972 1874 2282 1959 predicta
2351 1875 2825 1940 iuramentum

598 1977 989 2043 huiusmodi
1028 1999 1164 2043 non
1203 1978 1581 2062 prestiterit
1620 1978 1807 2043 omni
1845 1984 2125 2043 careant
2164 1978 2395 2063 vigore
2433 1984 2504 2042 et
2542 1978 2824 2055 effectu,

204 2080 335 2195 Ch?
362 2079 529 2196 {2501
597 2104 677 2147 ac
727 2103 851 2166 pro
902 2104 1040 2147 non
1094 2082 1486 2167 capellanus
1538 2082 1720 2147 dicte
1771 2082 2077 2147 cantarie
2128 2083 2403 2167 penitus
2455 2082 2823 2147 habeatur.

196 2160 379 2277 ijg'n
415 2228 543 2261 ever
597 2186 931 2251 Volumus
966 2208 1045 2251 ac
1078 2187 1294 2251 eciam
1327 2187 1726 2251 ordinamus
1759 2182 1824 2251 si
1852 2186 1992 2251 d’ni
2028 2185 2336 2251 canonici
2371 2187 2528 2251 eccl.
2567 2186 2822 2272 Colleg.

185 2279 425 2396 ὃὲξῐέἶῗ
449 2280 567 2395 <tabit
600 2290 850 2375 Ripon’
907 2291 1015 2355 vel
1068 2292 1172 2356 sui
1226 2312 1645 2356 successores
1696 2292 2007 2356 canonici
2063 2292 2312 2356 futuris
2367 2292 2822 2375 temporibus,

170 2361 247 2462 pis
276 2417 337 2461 to
362 2362 445 2477 gg
458 2418 520 2461 to
594 2395 783 2481 quod
819 2396 1021 2471 absit,
1060 2396 1359 2460 alienent
1394 2396 1503 2459 vel
1539 2395 1820 2460 alienari
1855 2395 2114 2460 faciant
2149 2402 2600 2480 patronatum
2634 2395 2824 2459 dicte

276 2480 444 2529 York.
596 2499 901 2565 cantarie
984 2499 1173 2584 quod
1257 2520 1339 2563 ex
1427 2506 1594 2564 tunc
1677 2498 1864 2564 liciat
1949 2499 2127 2563 d'nis
2210 2498 2570 2564 Canonicis
2653 2498 2818 2564 eccl.

594 2604 1021 2669 Cathedralis
1098 2604 1301 2669 Ebor.
1379 2604 1677 2688 gaudere
1751 2603 1880 2667 sibi
1955 2609 2024 2668 et
2099 2604 2238 2668 suis
2313 2603 2824 2668 succoesoribus

595 2707 938 2773 canonicis
1002 2708 1511 2792 imperpetuum
1577 2713 1957 2791 patronatu
2023 2707 2205 2772 dicte
2270 2707 2592 2772 Cantarie
2655 2728 2822 2773 cum

596 2812 737 2877 suis
794 2811 1052 2877 iuribus
1107 2817 1175 2875 et
1232 2810 1673 2896 pertinenciis
1729 2812 2083 2887 vniuersiS,
2140 2812 2519 2887 secundum
2574 2812 2822 2877 seriem

596 2922 665 2980 et
735 2923 1041 2980 tenorem
1110 2938 1188 2981 ac
1257 2917 1550 2981 formam
1618 2923 1850 2980 nostre
1918 2916 2373 2982 ordinacionis
2442 2917 2815 2982 antedicte.

170 3030 219 3077 lf
244 3030 342 3106 the
373 3030 566 3105 ‚Chap-
596 3021 931 3085 Volumus
956 3021 1171 3085 eciam
1197 3020 1385 3105 quod
1409 3021 1465 3084 si
1490 3022 1886 3105 capellanus
1913 3021 2261 3106 predictus
2287 3044 2328 3087 a
2351 3021 2820 3087 celebracione

184 3096 295 3145 ¹³¹⁰
316 3096 549 3159 w¹¹¹¹¹¹¹y
597 3125 988 3191 diuinorum
1062 3126 1131 3189 in
1203 3125 1367 3190 locis
1442 3124 1809 3189 antedictis
1883 3133 1952 3190 et
2027 3127 2510 3192 obseruacione
2582 3132 2818 3191 nostre

262 3162 385 3211 fails
412 3167 474 3212 to

169 3229 365 3305 attend
397 3233 457 3278 to
484 3229 567 3277 his
598 3230 1052 3295 ordinacionis
1153 3230 1500 3295 antedicte
1601 3250 1724 3314 per
1821 3230 2249 3315 quarterium
2349 3231 2550 3295 vnius
2649 3231 2816 3295 anni

179 3296 551 3428 ἒὲζξῗῖςῐῗςῖ
597 3334 983 3399 voluntarie
1039 3340 1107 3397 et
1163 3335 1423 3419 absque
1471 3354 1682 3399 causa
1736 3334 2048 3419 legitima
2102 3356 2172 3398 se
2228 3334 2639 3399 abstinuerit
2693 3356 2816 3399 seu

166 3429 568 3561 ὶξθὸἓξέῐιῑιίἆο
596 3438 925 3523 premissa
960 3459 1098 3502 non
1134 3438 1666 3522 perimpleuerit,
1704 3438 2239 3523 supportauerit,
2279 3444 2402 3503 aut
2437 3437 2816 3504 seruauerit

177 3565 285 3613 and
318 3536 553 3613 anothe}
595 3548 801 3627 prout
844 3542 1155 3626 superius
1196 3541 1592 3607 ordinatum
1635 3547 1759 3617 est,
1803 3542 1992 3625 quod
2034 3562 2118 3606 ex
2163 3548 2349 3617 tune,
2395 3543 2577 3607 omni
2623 3543 2816 3626 Juris

198 3630 521 3695 appointed.
594 3647 1079 3731 solempnitate
1134 3646 1386 3710 omissa
1442 3667 1522 3710 ac
1570 3645 1716 3710 sola
1765 3646 1930 3710 facti
1981 3646 2261 3711 viritate
2316 3648 2638 3733 cognita²
2695 3668 2818 3733 per

595 3751 977 3835 capitulum
1019 3750 1269 3835 Ripon’
1312 3750 1700 3834 predictum
1740 3757 1808 3814 et
1853 3750 2096 3815 fratres
2135 3751 2317 3816 dicte
2357 3751 2816 3817 fraternitatis

595 3862 718 3920 aut
765 3876 1043 3920 suorum
1092 3854 1585 3939 deputatorum
1635 3854 1704 3917 in
1752 3854 1880 3919 hoc
1927 3876 2089 3920 casu
2138 3855 2222 3920 de
2267 3856 2458 3920 dicta
2503 3856 2816 3920 cantaria

596 3959 685 4023 ad
733 3959 947 4023 altare
995 3959 1383 4043 predictum
1432 3958 1563 4024 S'ci
1613 3958 1873 4023 Thome
1922 3980 2002 4023 ac
2049 3960 2503 4043 occupacione
2550 3966 2618 4023 et
2669 3959 2817 4025 eius

594 4062 1014 4147 possessione
1065 4063 1280 4127 eciam
1334 4062 1579 4126 merito
1631 4063 2034 4147 expellatur,
2090 4070 2158 4127 et
2211 4064 2406 4127 alteri
2457 4063 2816 4148 capellano

594 4168 885 4232 honesto
928 4173 997 4230 et
1042 4166 1272 4231 idonio
1316 4166 1694 4231 secundum
1741 4167 2030 4231 formam
2075 4173 2145 4231 et
2191 4175 2513 4232 tenorem.
2541 4166 2815 4233 ordina-

593 4272 807 4337 cionis
873 4270 1221 4336 antedicte
1286 4270 1516 4334 debite
1582 4271 1977 4335 conferatur
2041 4272 2350 4336 cantaria
2415 4271 2818 4356 supradicta

738 4442 751 4465 ¹
792 4434 1014 4499 Always
1041 4434 1265 4482 written
1296 4440 1325 4456 “
1345 4435 1520 4483 e'eam
1540 4434 1571 4455 ’⁹
1602 4435 1658 4483 in
1686 4433 1782 4483 the
1810 4435 1921 4484 MS.

734 4534 753 4556 ²
790 4528 903 4578 MS.
932 4526 1033 4577 has
1063 4530 1093 4549 ‘⁸
1115 4526 1455 4590 comgnita.”
