3217 5117
269 3082 316 3114 c.
352 3080 490 3128 ¹²35·

598 433 683 511 36
1146 431 1314 495 THE
1370 430 1677 495 INGILBY
1729 430 2252 495 MANUSCRIPT.

598 628 727 671 sua
807 628 888 671 ac
962 608 1165 671 ceteri
1246 606 1651 690 parochiani
1731 606 2212 689 prenominate
2290 606 2452 671 ville
2529 605 2812 670 venient

598 708 911 789 quolibet
978 728 1167 771 anno
1242 708 1329 771 ad
1410 708 1762 771 matricem
1843 708 2204 771 ecclesiam
2284 728 2482 770 suam
2561 706 2814 770 diebus

604 807 997 871 Dominicis
1050 829 1132 871 ac
1185 807 1517 871 omnibus
1573 807 1730 871 aliis
1779 806 1971 871 festis
2019 806 2270 871 debitis
2315 819 2383 871 et
2429 805 2806 871 consuetis.

600 906 711 971 Ad
748 907 873 972 hec
908 908 1254 990 predictus
1300 906 1535 991 Joh'es
1567 919 1634 971 et
1675 907 1906 971 hered.
1947 928 2001 971 s.
2044 905 2307 989 prefato
2349 907 2715 989 capellano
2747 916 2816 969 et

598 1027 781 1071 succ.
822 1028 875 1071 s.
917 1008 1298 1089 capellanis
1333 1008 1400 1070 in
1436 1007 1678 1071 eadem
1714 1008 1984 1089 capella
2010 1006 2567 1070 ministrantibus
2601 1006 2810 1093 victui

598 1122 664 1171 et
718 1106 993 1171 vestitui
1062 1106 1449 1170 necessaria
1511 1107 1619 1169 vel
1688 1127 1812 1189 pro
1876 1106 2011 1169 hiis
2062 1118 2403 1188 quantum
2464 1106 2641 1170 inter
2693 1125 2816 1169 eos

597 1206 1004 1271 conuenerit
1034 1206 1122 1270 de
1155 1206 1436 1288 proprio
1467 1206 1958 1291 assignabunt.
2062 1206 2164 1269 Ita
2202 1205 2390 1288 quod
2424 1205 2810 1288 capitulum

602 1306 981 1389 predictum
1020 1306 1087 1368 in
1140 1306 1333 1369 nullo
1380 1318 1748 1370 oneretur:
1805 1305 2193 1369 Reddendo
2242 1305 2402 1369 inde
2449 1305 2812 1368 annuatim

600 1405 780 1470 idem
815 1406 1049 1490 Joh’es
1082 1418 1147 1469 et
1181 1405 1321 1469 her.
1363 1427 1416 1469 s.
1459 1407 1563 1470 vel
1601 1406 1710 1468 sui
1755 1405 2095 1488 assignati
2151 1405 2352 1468 nobis
2401 1417 2466 1469 et
2512 1426 2697 1468 succ.
2743 1426 2808 1467 n.

597 1506 777 1570 duos
830 1506 1094 1570 solidos
1140 1505 1412 1591 argenti
1467 1505 1554 1569 ad
1612 1504 1786 1569 festa
1845 1504 2042 1568 Pent.
2096 1516 2164 1567 et
2210 1503 2350 1567 S’ci
2405 1504 2690 1567 Martini
2743 1504 2810 1567 in

599 1626 800 1689 yeme
877 1626 998 1689 per
1072 1608 1355 1687 equales
1448 1605 1815 1689 porciones
1909 1604 2443 1687 imperpetuum.
2591 1602 2679 1666 Et
2753 1602 2811 1665 si

598 1704 964 1789 contingat
996 1710 1259 1788 (power
1289 1718 1360 1767 to
1391 1705 1680 1769 distrain
1732 1724 1811 1767 as
1860 1703 1929 1765 in
1979 1723 2138 1767 case
2184 1702 2262 1766 of
2302 1702 2403 1767 St.
2451 1702 2815 1767 Michael's

599 1805 868 1887 chapel‚
908 1807 1153 1881 above,
1196 1825 1259 1888 p.
1304 1824 1406 1880 21,
1446 1804 1612 1867 with
1647 1805 1880 1869 verbal
1917 1801 2374 1883 differences).

778 1944 856 2005 In
906 1942 1107 2008 cuius
1158 1942 1250 2006 rei
1302 1941 1780 2005 testimonium
1831 1952 1968 2003 tam
2025 1960 2153 2003 nos
2199 1961 2410 2022 quam
2469 1940 2816 2022 predictus

600 2040 833 2126 Joh’es
868 2043 1309 2126 presentibus
1343 2041 1620 2125 scriptis
1654 2041 1722 2103 in
1762 2041 2046 2105 modum
2084 2038 2526 2125 Cyrographi
2568 2040 2816 2105 diuisis

599 2144 990 2208 alternatim
1056 2145 1294 2229 sigilla
1358 2157 1592 2207 nostra
1654 2142 2140 2225 apposuimus.
2271 2140 2434 2204 Hiis
2497 2140 2809 2217 testibuS,

602 2242 892 2307 Simone
986 2242 1274 2321 warde,
1374 2242 1750 2309 Cristofero
1841 2242 2254 2326 Maylloure‚
2353 2240 2642 2325 Rogero
2732 2242 2817 2304 de

605 2342 900 2428 Hewyk,
1002 2344 1360 2420 militibus,
1458 2342 1654 2428 Joh'e
1745 2342 1830 2407 de
1923 2341 2309 2415 Schirwod‚
2401 2340 2656 2404 Rob’to
2731 2340 2816 2404 de

606 2442 1099 2520 BrunhowseS,
1168 2456 1235 2508 et
1293 2444 1471 2508 aliis,
1604 2443 1764 2506 Dat.
1834 2443 2020 2525 apud
2092 2440 2376 2525 Rypon’
2440 2441 2550 2504 die
2618 2440 2814 2503 Lune

605 2561 795 2624 prox.
868 2554 1024 2625 post
1092 2541 1340 2607 festum
1418 2543 1892 2608 Exaltacionis
1963 2542 2221 2605 Sancte
2291 2539 2556 2617 CruciS,
2625 2561 2813 2604 anno

608 2640 771 2703 D’ni
812 2642 1190 2706 Millesimo
1222 2657 1419 2708 cccm0
1450 2642 2046 2727 quinquagesimo
2083 2642 2328 2724 primo,

608 2820 701 2888 15.
1384 2805 1531 2868 ch
1581 2818 2022 2868 INCIPIUNT.¹

1524 2928 1866 3015 *SALLAxu
1935 2930 1946 2943 “

780 3064 921 3144 (39)
969 3063 1296 3143 (Licence
1327 3064 1433 3129 for
1466 3065 1743 3149 Sawley
1778 3063 2066 3147 Chapel.
2169 3064 2450 3127 Printed
2491 3062 2662 3126 from
2701 3062 2816 3126 the

606 3162 906 3243 original
943 3164 1011 3225 in
1048 3163 1261 3227 Mem.
1305 3164 1552 3247 Rz'pon,
1600 3166 1653 3242 Ι,
1704 3166 1840 3243 196.

608 3340 684 3407 15
711 3348 773 3391 v.
872 3326 1013 3407 (40)
1062 3326 1381 3390 SALLAY.
1480 3327 1740 3407 (Adam
1778 3324 2003 3389 Ward
2038 3338 2283 3409 grants
2320 3347 2414 3389 28.
2454 3346 2496 3389 a
2529 3328 2742 3411 year).

783 3436 1023 3500 Sciant
1087 3451 1439 3521 presentes
1502 3451 1567 3502 et
1630 3436 1837 3501 futuri
1889 3437 2076 3519 quod
2124 3456 2262 3522 ego
2310 3436 2538 3501 Adam
2591 3435 2815 3500 Ward

606 3535 787 3609 dedi,
827 3538 1162 3613 concessi,
1202 3550 1269 3601 et
1304 3538 1600 3620 presenti
1650 3551 1837 3602 carta
1887 3556 2040 3601 mea
2087 3534 2495 3600 confirmavi
2549 3536 2704 3601 Deo
2751 3548 2817 3600 et

609 3632 985 3698 Canonicis
1018 3634 1155 3700 S’ci
1195 3634 1507 3700 Wilfridi
1543 3636 1628 3699 de
1659 3635 1896 3719 Ripon
1928 3635 1995 3698 in
2035 3656 2278 3719 puram
2313 3650 2378 3701 et
2413 3648 2814 3719 perpetuam

608 3734 1088 3811 elemosinam,
1175 3734 1309 3819 ijs.,
1396 3735 1879 3819 percipiendos
1954 3734 2317 3799 annuatim
2402 3735 2488 3799 de
2569 3756 2676 3799 me
2753 3750 2819 3799 et

612 3833 983 3898 heredibus
1069 3836 1262 3912 meis,
1361 3836 1623 3899 scilicet
1711 3835 1796 3898 ad
1896 3835 2352 3898 Pentecosten
2448 3834 2814 3899 duodecim

610 3932 956 4011 denariOS,
1018 3950 1083 3999 et
1136 3936 1221 3999 ad
1287 3936 1536 4000 festum
1599 3936 1736 3999 S'ci
1799 3934 2082 3998 Martini
2140 3934 2598 4017 (duodecim)2
2649 3934 2808 3998 den.

608 4033 830 4097 donec
890 4034 1247 4118 assignem
1328 4035 1585 4099 eisdem
1667 4034 2024 4099 canonicis
2102 4034 2171 4096 in
2250 4045 2435 4097 certo
2506 4045 2572 4098 et
2630 4053 2818 4098 com-

612 4133 867 4215 petenti
923 4134 1074 4197 loco
1128 4134 1213 4197 ad
1279 4155 1517 4198 eorum
1578 4135 1849 4199 libitum
1917 4134 2030 4198 vbi
2099 4132 2370 4216 possint
2433 4132 2812 4216 predictum

741 4289 755 4311 ¹
796 4283 1089 4348 Referring
1112 4292 1169 4333 to
1195 4286 1286 4333 the
1311 4286 1573 4334 Chat-ters
1598 4286 1716 4333 that
1743 4285 1941 4335 follow.
2013 4286 2096 4333 All
2134 4286 2271 4335 from
2305 4286 2376 4335 fo.
2414 4300 2468 4349 15
2503 4296 2560 4334 to
2585 4286 2654 4335 fo.
2683 4288 2750 4349 46
2773 4288 2818 4334 is

610 4364 659 4411 in
685 4380 721 4412 a
744 4364 930 4426 lai-ger
952 4364 1062 4411 and
1088 4378 1239 4411 more
1259 4372 1337 4411 set
1370 4364 1513 4412 hand
1542 4366 1670 4412 than
1699 4365 1790 4412 the
1817 4364 2062 4427 Chapter
2083 4364 2230 4413 Acts.
2256 4380 2320 4413 as
2345 4364 2440 4413 isit
2470 4364 2576 4413 had
2604 4364 2812 4415 formed

610 4450 729 4505 part
756 4442 868 4489 osa
894 4442 1203 4503 Cartulary.

738 4536 759 4559 ²
794 4532 1033 4580 Omitted
1061 4534 1111 4580 in
1142 4532 1255 4581 MS.
