3217 5117
153 2840 423 2889 Statutum
448 2841 507 2889 de

146 2906 425 2970 prebendis
452 2906 522 2955 ced

228 2974 438 3035 firmam

157 3040 504 3089 dinateeendis.

557 440 684 504 232
1130 422 1288 487 THE
1336 421 1652 487 INGILBY
1699 420 2193 485 MANUSCRIPT.

555 602 625 667 id
674 601 1124 687 exigentibuS,
1176 600 1409 665 licebit
1458 600 1778 684 Capitulo
1827 597 2104 663 ecclesie
2154 595 2459 681 predicte
2507 594 2775 659 fructus

555 706 883 782 redditus,
944 712 1014 770 et
1074 711 1450 790 prouentus
1509 703 1876 770 cuiuslibet
1934 701 2278 787 prebende
2338 696 2768 785 prebendarij

553 810 647 874 sic
688 831 932 895 capam
974 810 1233 876 soluere
1276 809 1675 895 necligentis
1715 828 1834 873 seu
1875 805 2258 875 recusantis
2299 806 2368 869 in
2406 805 2538 869 hac
2577 808 2778 888 parte

552 921 1001 1000 sequestrare,
1027 921 1097 979 et
1120 934 1357 979 eorum
1380 913 1800 979 auctoritate
1821 913 1907 977 de
1931 912 2185 976 eisdem
2211 909 2308 975 sic
2329 906 2780 993 sequestratis

554 1020 789 1084 decem
816 1020 1023 1084 libras
1049 1040 1172 1103 pro
1198 1019 1387 1083 dicta
1410 1039 1584 1102 capa
1609 1017 1938 1101 preciosa,
1967 1015 2424 1100 dampnisque
2452 1013 2778 1078 interesse

555 1124 737 1188 dicte
766 1124 1041 1188 ecclesie
1071 1124 1346 1187 nomine
1376 1143 1549 1208 pene
1580 1121 1767 1206 apud
1797 1142 1868 1185 se
1899 1120 2210 1196 retinere,
2249 1119 2320 1183 in
2350 1117 2778 1203 empcionem

554 1249 717 1293 vero
764 1228 1156 1293 huiusmodi
1203 1248 1371 1312 cape
1419 1227 1719 1311 preciose
1766 1232 1835 1291 et
1883 1246 2020 1290 non
2069 1224 2271 1289 aliter
2315 1243 2526 1308 quam
2572 1220 2778 1286 citius

554 1333 1074 1407 conuertendaS,
1140 1352 1568 1417 quamquam
1630 1331 1688 1395 si
1750 1330 1906 1415 quis
1968 1328 2392 1415 prebendam
2455 1326 2526 1392 in
2588 1326 2778 1391 dicta

554 1437 835 1502 ecclesia
908 1438 1222 1521 adeptuS,
1299 1442 1369 1501 et
1442 1437 1710 1501 fructus
1782 1434 2088 1500 eiusdem
2163 1434 2395 1518 aliquo
2467 1438 2778 1515 tempore

554 1542 802 1607 minori
867 1562 1080 1626 quam
1149 1541 1433 1605 triennis
1501 1539 1901 1625 percipienS,
1973 1540 2124 1623 ipsa
2190 1558 2274 1602 ex
2341 1556 2779 1622 quacumque

555 1667 765 1711 causa
812 1646 1115 1722 dimissa,
1168 1645 1375 1710 aliam
1424 1645 1494 1710 in
1545 1645 1786 1709 eadem
1837 1649 2193 1708 assecutus
2243 1642 2450 1706 fuerit
2498 1638 2784 1705 ecclesia

556 1750 975 1834 prebendam
1056 1749 1381 1825 eiusdem,
1464 1750 1630 1835 quia
1707 1748 2004 1814 secunde
2087 1745 2431 1831 prebende
2511 1745 2780 1809 fructus

558 1860 757 1920 tanto
808 1860 1115 1939 tempore
1166 1853 1563 1939 perceperit,
1617 1859 1884 1939 quanto
1933 1872 2090 1917 cum
2143 1857 2453 1935 tempore
2502 1870 2780 1933 percep-

557 1967 786 2024 torum
826 1960 1179 2024 fructuum
1217 1960 1461 2043 prioris
1500 1978 1620 2023 sue
1659 1957 2023 2042 prebende,
2071 1956 2445 2020 triennium
2483 1953 2780 2037 comple-

556 2070 709 2129 tum
747 2063 1017 2129 efficiat.
1114 2064 1206 2127 Et
1245 2070 1433 2139 tune,
1474 2062 1531 2127 si
1570 2082 1692 2146 per
1728 2082 1946 2127 vnum
1984 2080 2248 2125 annum
2286 2059 2358 2124 in
2397 2057 2780 2123 tradicione

556 2167 948 2233 huiusmodi
1018 2188 1187 2251 cape
1256 2168 1595 2252 necligens
1665 2186 1784 2232 seu
1856 2166 2178 2230 remissus
2247 2163 2476 2238 fuerit,
2549 2161 2780 2227 licebit

557 2272 745 2336 dicto
768 2271 1089 2355 Capitulo
1113 2273 1400 2347 fructuS,
1429 2271 1760 2347 redditus
1788 2276 1856 2335 et
1882 2275 2262 2355 prouentus
2286 2268 2464 2333 illius
2485 2267 2782 2333 secunde

556 2397 677 2441 sue
728 2376 1071 2460 prebende
1123 2396 1357 2441 eorum
1409 2375 1829 2441 auctoritate
1881 2374 2158 2459 propria
2207 2378 2659 2458 sequestrare,
2713 2378 2782 2435 et

558 2481 645 2545 de
684 2480 780 2545 sic
820 2481 1266 2565 sequestratis
1310 2481 1487 2546 illius
1528 2480 1870 2545 fructibus
1910 2479 2145 2544 decem
2186 2478 2395 2543 libras
2435 2499 2520 2542 ex
2561 2477 2785 2542 causis

560 2584 905 2669 premissis
958 2586 1246 2650 retinere
1297 2586 1367 2649 in
1420 2584 1846 2669 empcionem
1899 2604 2066 2668 cape
2118 2582 2422 2667 predicte
2473 2587 2783 2647 tanturn-

560 2689 768 2754 modo
805 2695 885 2753 vt
924 2689 1351 2774 premittitur
1385 2688 1908 2753 conuertenda&

738 2830 912 2895 Cum
967 2831 1203 2915 itaque
1258 2832 1326 2895 in
1382 2830 1569 2895 dicta
1624 2830 1906 2894 ecclesia
1962 2828 2235 2913 Rypon'
2291 2833 2644 2893 statutum
2695 2827 2788 2891 sit

562 2942 633 2999 et
681 2934 1067 3020 antiquitus
1114 2935 1510 3000 ordinatum
1556 2934 1747 3020 quod
1793 2935 1862 2999 in
1911 2933 2125 3008 terris*
2155 2939 2226 2997 et
2271 2933 2592 2998 domibus
2639 2953 2786 3017 pre-

563 3039 946 3104 bendarum
990 3040 1133 3103 siue
1178 3040 1247 3103 in
1292 3039 1457 3123 ipsis
1500 3039 1864 3123 prebendis
1909 3037 2340 3103 dimittendis
2383 3037 2474 3102 ad
2517 3037 2787 3101 firmam

564 3165 606 3209 a
652 3151 961 3228 tempore
1008 3143 1312 3208 eiusdem
1358 3144 1611 3207 statuti
1659 3164 1864 3227 super
1910 3144 2040 3209 hoc
2086 3142 2253 3207 editi
2300 3142 2686 3207 Canonicus
2730 3141 2786 3205 si

563 3248 859 3313 voluerit
920 3269 1043 3332 pro
1096 3247 1321 3332 equali
1384 3247 1611 3331 precio
1673 3247 1825 3331 alijs
1887 3247 2288 3331 preferatur,
2346 3252 2415 3310 et
2477 3246 2533 3310 si
2595 3266 2790 3311 secus

564 3358 799 3417 actum
846 3353 1050 3417 fuerit
1097 3372 1234 3417 non
1280 3352 1511 3416 valeat
1560 3352 1710 3435 ipso
1757 3352 1918 3417 iure.
2015 3352 2108 3415 Et
2154 3351 2649 3435 prebendarius
2693 3350 2792 3415 sic

563 3456 920 3521 dimittens
960 3456 1048 3521 ad
1087 3456 1356 3520 firmam
1394 3461 1801 3521 extraneum
1832 3456 2162 3521 canonico
2195 3454 2598 3539 preferendo
2637 3476 2786 3519 xxs

566 3561 687 3625 tali
744 3560 1135 3625 dimissione
1191 3560 1485 3625 durante
1542 3560 1905 3626 annuatim
1961 3559 2217 3624 fabrice
2273 3559 2454 3624 dicte
2511 3560 2786 3625 ecclesie

564 3664 823 3729 soluere
909 3670 1245 3730 teneatur.
1342 3664 1671 3729 Nonnulli
1760 3670 1994 3729 tamen
2081 3665 2149 3728 in
2234 3664 2422 3728 dicta
2506 3664 2788 3729 ecclesia

565 3769 991 3853 prebendarij
1038 3769 1430 3833 huiusmodi
1468 3774 1816 3833 statutum
1857 3769 2220 3833 obseruare
2257 3789 2396 3833 non
2435 3774 2784 3843 curanteS,

564 3873 682 3937 sed
740 3873 959 3937 eidem
1016 3894 1251 3938 eorum
1309 3874 1696 3937 iuramento
1753 3873 1822 3937 in
1880 3893 1960 3937 ea
2030 3877 2228 3956 parte
2297 3872 2590 3956 prestito
2647 3894 2786 3937 non

564 3978 908 4052 obstante,
967 3998 1281 4061 expresse
1336 3977 1955 4053 contrauenienteS,
2016 3982 2381 4041 extraneos
2437 3978 2789 4042 canonicis

564 4081 964 4166 preferendo
1018 4102 1175 4147 suas
1229 4082 1612 4165 prebendas
1667 4082 1829 4166 ipsis
1885 4082 2251 4157 extraneiS,
2308 4101 2547 4165 ymmo
2601 4102 2789 4146 mere

561 4186 771 4261 laicis
824 4185 913 4249 ad
964 4185 1233 4251 firmam
1284 4185 1632 4251 dimittere
1682 4206 1820 4250 non
1871 4191 2218 4261 verentur,
2275 4186 2343 4249 in
2395 4184 2790 4251 animarum

560 4310 841 4355 suarum
864 4310 1072 4375 graue
1097 4291 1472 4375 periculum
1499 4291 1816 4376 dicteque
1843 4290 2118 4354 ecclesie
2142 4310 2352 4375 graue
2377 4289 2792 4355 scandalum

562 4400 631 4458 et
677 4393 1126 4478 preiudicium
1170 4394 1636 4470 manifestum,
1685 4394 1828 4459 Nos
1873 4414 2056 4470 uer0,
2107 4394 2550 4459 attendentes
2594 4396 2796 4480 quod

564 4500 829 4564 fructus
902 4496 1008 4581 (80
1034 4500 1122 4583 v.)
1193 4500 1677 4565 beneficiorum
1747 4499 2363 4565 ecclesiasticorum
2433 4498 2626 4565 laicis
2696 4502 2796 4566 ad
