3217 5117
544 413 672 480 268
1116 417 1275 480 THE
1326 415 1637 481 INGILBY
1686 415 2180 482 MANuscmPr.

543 594 959 660 solucionem
1041 595 1200 660 inde
1282 595 1426 660 fore
1507 595 1809 661 fiendam
1890 596 2019 661 nisi
2103 595 2598 662 tantummodo
2680 594 2770 659 ad

545 719 892 764 summum
932 699 1148 765 altare
1185 699 1595 785 predictum,
1635 700 1825 784 quod
1860 706 2119 766 extunc
2155 700 2548 785 obligarunt
2584 700 2772 784 ipsos

547 804 850 869 Priorem
893 811 962 869 et
1004 804 1216 870 ConV.
1263 811 1332 869 et
1373 825 1552 870 succ.
1599 825 1652 868 S.
1699 806 1961 869 soluere
2002 806 2202 870 nobis
2242 805 2489 890 prefat.
2536 803 2650 869 Ca.
2698 809 2771 868 et

543 931 722 974 succ.
770 931 835 975 n.
882 909 1189 995 quinque
1232 930 1497 974 marcas
1541 908 2023 994 sterlingorum
2066 930 2191 994 pro
2233 909 2545 994 quolibet
2590 909 2771 973 festo

546 1035 669 1099 pro
712 1036 852 1100 quo
897 1017 1080 1100 ipsos
1124 1015 1414 1101 allegare
1459 1013 1823 1098 contigerit
1867 1012 2176 1097 aliquam
2220 1011 2772 1098 acquietanciam

545 1121 652 1184 vel
695 1121 1029 1206 scriptum
1073 1121 1354 1206 aliquod
1397 1119 1562 1185 alibi
1603 1124 1891 1204 portans
1932 1118 2173 1183 datam
2214 1139 2427 1202 quam
2469 1118 2540 1182 in
2581 1117 2773 1182 dicta

545 1226 654 1291 (10.
701 1226 814 1291 Ca.
861 1227 1017 1291 eccl.
1064 1225 1228 1291 Coll.
1274 1226 1360 1290 de
1404 1224 1655 1309 Ripon'
1700 1223 2094 1307 supradicte
2133 1245 2254 1288 seu
2295 1223 2455 1288 alibi
2496 1222 2767 1298 liberat,

543 1351 756 1416 quam
821 1331 890 1396 in
957 1330 1197 1396 eadem
1264 1331 1372 1396 do,
1435 1331 1548 1396 Ca.
1611 1335 1734 1394 aut
1791 1328 2071 1413 aliquod
2126 1328 2313 1392 aliud
2380 1328 2450 1392 in
2522 1328 2627 1409 (90
2672 1329 2763 1408 ν.)

545 1435 1108 1500 exoneracionem
1183 1434 1548 1500 solucionis
1622 1433 1791 1499 dicti
1866 1434 2075 1498 annui
2151 1432 2461 1497 redditus
2532 1433 2771 1498 decem

545 1560 932 1605 marcarum
969 1539 1078 1604 vel
1113 1539 1401 1604 alicuius
1437 1539 1729 1624 parcelle
1765 1539 2092 1614 eiusdem,
2130 1559 2249 1603 seu
2284 1538 2468 1603 dicte
2503 1558 2772 1604 summe

544 1645 1007 1730 quadraginta
1066 1644 1440 1708 solidorum
1496 1644 1773 1708 nomine
1828 1663 2021 1727 pene,
2080 1649 2204 1707 aut
2260 1643 2443 1707 dicte
2503 1663 2771 1708 summe

544 1751 851 1834 quinque
903 1768 1291 1815 marcarum
1343 1749 1440 1813 sic
1491 1747 1763 1812 racione
1816 1747 2250 1833 allegacionis
2302 1747 2769 1832 predictarum

543 1874 1037 1924 concessarum.
1074 1853 1202 1919 nisi
1238 1853 1727 1918 tantummodo
1760 1851 2309 1937 acquietanciam
2340 1853 2450 1916 vel
2488 1851 2769 1937 aliquod

543 1960 878 2044 scriptum
915 1966 1200 2044 portans
1239 1959 1401 2023 Dat.
1443 1959 1513 2023 in
1553 1957 1663 2022 do,
1707 1957 1820 2022 Ca.
1862 1957 2283 2041 supradicta.

168 2131 278 2181 and
306 2145 466 2206 agrqe
727 2127 824 2194 Et
853 2145 1017 2192 curn
1061 2124 1102 2209 ij
1113 2124 1270 2190 dem
1305 2124 1411 2189 Pr.
1443 2130 1514 2188 et
1541 2123 1755 2188 Conu.
1783 2123 2061 2208 insuper
2079 2123 2408 2208 peridem
2434 2123 2772 2208 scriptum

129 2199 499 2314 ‘hastossssffssssm'
547 2250 748 2296 suum
791 2235 1271 2295 concesserunt
1314 2228 1502 2313 quod
1545 2228 1601 2292 si
1646 2228 1834 2313 pred.
1884 2228 1996 2293 Pr.
2046 2235 2117 2293 et
2161 2228 2373 2294 Conu.
2423 2249 2543 2294 seu
2585 2249 2768 2293 5000.

117 2331 517 2448 shfflfgggiffin
549 2355 601 2400 5.
637 2335 1083 2420 allegauerint
1114 2333 1420 2418 aliquam
1451 2333 1659 2398 aliam
1690 2332 2110 2399 solucionem
2140 2355 2353 2418 quarn
2385 2333 2476 2398 ad
2505 2333 2772 2398 dictum

177 2466 288 2515 and
314 2465 464 2520 void,
549 2440 786 2516 altare,
849 2439 994 2504 siue
1055 2437 1336 2523 aliquod
1394 2438 1731 2522 scripturn
1790 2438 1935 2504 siue
1998 2439 2545 2523 acquietanciam
2607 2437 2773 2504 alibi

543 2550 830 2629 portans
862 2543 1005 2608 dat.
1042 2563 1255 2628 quam
1289 2542 1357 2607 in
1392 2541 1582 2606 dicta
1616 2540 1725 2607 (10.
1765 2542 1880 2608 Ca.
1918 2541 2003 2607 de
2038 2542 2313 2627 Ripon’,
2350 2543 2458 2608 vel
2492 2543 2775 2628 aliquod

544 2647 731 2714 aliud
762 2667 883 2732 per
911 2647 1094 2731 ipsos
1122 2666 1242 2711 seu
1272 2666 1562 2710 success,
1601 2667 1763 2712 suos
1792 2646 2168 2732 allegatum
2197 2647 2307 2712 vel
2337 2647 2775 2733 allegandum

544 2751 750 2816 fuerit
805 2751 874 2816 in
929 2750 1492 2815 exoneracionem
1546 2749 1915 2817 solucionis
1969 2752 2137 2816 dicti
2193 2753 2406 2819 annui
2460 2752 2773 2818 redditus

544 2857 779 2922 decem
859 2875 1245 2920 marcarum
1327 2855 1436 2919 vel
1518 2854 1804 2921 alicuius
1884 2856 2175 2941 parcelle
2253 2857 2558 2922 eiusdem
2638 2863 2765 2922 aut

544 2961 830 3027 alicuius
895 2959 1184 3044 parcelle
1249 2979 1583 3044 penarum
1650 2959 2151 3045 predictarum,
2205 2962 2396 3048 quod
2461 2983 2764 3028 vacuum

545 3066 636 3132 sit
673 3073 743 3131 et
781 3065 1032 3131 nullius
1071 3065 1342 3150 vigoriS.

189 3259 315 3309 that
353 3257 472 3322 the⁸
727 3235 824 3301 Et
877 3234 942 3301 51
991 3233 1380 3314 contingat,
1433 3231 1622 3317 quod
1704 3233 1905 3310 absit,
1990 3234 2178 3318 quod
2259 3234 2421 3300 dict.
2509 3235 2617 3300 Pr.
2702 3239 2774 3298 et

167 3326 486 3442 sffiffipffige
550 3339 762 3404 Conu.
819 3358 937 3402 500
991 3358 1168 3402 5000.
1224 3357 1277 3402 5.
1333 3336 1727 3412 defecerint,
1786 3342 1910 3401 aut
1969 3337 2216 3422 aliquis
2262 3358 2441 3403 5000.
2490 3359 2771 3404 suorum

119 3475 302 3524 power
328 3465 389 3536 50
415 3459 521 3510 dis·
550 3442 874 3507 defecerit
913 3441 982 3506 in
1021 3440 1366 3506 solucione
1403 3441 1590 3524 pred.
1635 3441 1846 3507 annui
1888 3442 2197 3507 redditus
2237 3443 2472 3508 decem
2511 3463 2771 3508 marca-

237 3532 402 3584 tram,
551 3567 725 3622 rum,
769 3545 876 3610 vel
914 3543 1199 3610 alicuius
1237 3543 1526 3629 parcelle
1563 3545 1891 3622 eiusdem,
1935 3547 2024 3612 ad
2064 3547 2241 3612 festa
2278 3548 2609 3632 predicta,
2650 3568 2773 3633 per

549 3650 854 3736 quinque
896 3648 1317 3734 septimanas
1360 3654 1518 3732 post
1561 3649 1842 3735 aliquod
1888 3651 2143 3716 festum
2187 3653 2769 3736 prenominatum,

547 3775 667 3819 seu
737 3753 806 3818 in
873 3752 1220 3819 solucione
1287 3751 1450 3816 dict.
1515 3756 1981 3842 quadraginta
2046 3756 2425 3822 solidorum
2492 3758 2772 3823 nomine

547 3879 720 3944 pene
781 3878 1278 3933 concessorum,
1342 3858 1452 3921 vel
1513 3857 1583 3922 in
1646 3861 1994 3925 solucione
2059 3861 2405 3927 dictarum
2466 3861 2775 3947 quinque

545 3982 932 4029 marcarum
970 3962 1238 4027 racione
1276 3961 1708 4046 allegacionis
1745 3965 2056 4048 predicte
2094 3964 2162 4030 in
2201 3965 2425 4030 forma
2460 3967 2775 4050 predicta

544 4089 880 4144 concesse,
921 4074 1179 4133 extunc
1218 4070 1389 4133 bene
1428 4069 1634 4134 liceat
1675 4069 1873 4134 nobis
1913 4069 2237 4154 Capitulo
2276 4077 2345 4134 et
2384 4091 2564 4136 succ.
2607 4071 2771 4136 n'ris

545 4175 614 4239 in
637 4172 942 4237 manerio
962 4172 1270 4257 ipsorum
1294 4172 1400 4236 Pr.
1428 4179 1497 4237 et
1520 4172 1733 4239 Conu.
1762 4174 1847 4238 de
1870 4174 2213 4240 Ledeston
2236 4175 2305 4239 in
2328 4175 2773 4262 Waetridyng

545 4279 614 4344 in
679 4277 864 4342 Com.
934 4277 1140 4341 Ebor.
1207 4296 1368 4340 curn
1432 4277 1677 4360 pertin.
1745 4279 1886 4343 suis
1940 4279 2216 4353 intrare,
2277 4285 2348 4342 et
2402 4279 2471 4344 in
2528 4280 2770 4345 eodem

544 4383 967 4467 distringere,
997 4388 1066 4446 et
1099 4380 1569 4447 districciones
1597 4383 1696 4448 sic
1727 4388 1970 4467 captas
2002 4383 2359 4458 abducere,
2390 4391 2765 4468 asportare,

544 4495 614 4552 et
675 4487 996 4571 effugare,
1053 4507 1134 4550 ac
1194 4505 1403 4569 penes
1455 4506 1580 4551 nos
1636 4488 1947 4564 retinere,
2004 4508 2364 4574 quousque
2419 4488 2618 4554 nobis
2681 4489 2767 4554 de
