3217 5117
1150 418 1337 484 Acrs
1383 435 1475 484 OF
1520 415 1880 482 CHAPTER.
2497 432 2622 498 271

410 599 573 674 bris,
619 597 823 664 Anno
878 599 1039 664 D'ni
1097 598 1379 664 Mill'mo
1432 607 1670 664 ccccm‘?
1715 595 1786 660 lx
1841 600 2060 671 sext0,
2105 601 2174 659 et
2222 614 2404 660 anno
2441 593 2626 679 regni

412 703 619 789 Regis
665 704 986 769 Edwardi
1031 705 1262 788 quarti
1305 710 1503 768 sexto
1546 722 1767 787 nuper
1807 701 2262 766 concessimus
2310 699 2628 784 Capitulo

410 806 568 871 eccl.
635 806 879 892 Colleg.
945 807 1028 872 de
1101 807 1349 892 Ripon'
1416 813 1483 872 et
1542 825 1776 870 eorum
1829 804 2328 870 successoribus
2382 804 2626 888 imper-

408 917 699 996 petuum
760 911 1106 996 quendam
1164 931 1470 976 annuum
1534 909 1881 976 redditum
1944 909 2178 973 decem
2241 929 2628 974 marcarum

412 1017 513 1094 (as
549 1015 625 1080 in
664 1015 871 1081 Mem.
911 1015 1095 1100 Rip„
1139 1016 1192 1092 Ι,
1235 1013 1617 1099 173-181).1

619 1183 792 1266 (356)
854 1182 1101 1268 (Royal
1151 1182 1401 1248 licence
1452 1181 1556 1246 for
1604 1179 1952 1246 Sendale’s
2000 1178 2393 1264 Chantry).2

410 1337 493 1403 93
532 1343 594 1388 v.
688 1324 1069 1390 Edwardus
1109 1325 1235 1390 Dei
1273 1345 1414 1410 gra.
1460 1323 1609 1388 Rex
1653 1322 1896 1407 Anglie
1934 1328 2002 1386 et
2043 1323 2326 1388 Francie
2364 1331 2433 1388 et
2472 1324 2626 1388 d'ns

414 1430 762 1507 Hibernie,
812 1431 1131 1495 omnibus
1178 1431 1267 1496 ad
1312 1450 1487 1514 quos
1532 1434 1882 1513 presentes
1927 1428 2118 1492 litere
2166 1430 2621 1513 peruenerint,

410 1535 726 1601 salutem.
821 1535 1066 1601 Sciatis
1116 1537 1303 1620 quod
1355 1555 1439 1600 ex
1490 1541 1678 1600 certa
1729 1534 2021 1599 sciencia
2070 1538 2138 1597 et
2190 1553 2377 1597 mero
2429 1539 2624 1598 motu

408 1641 683 1716 nostriS,
715 1640 800 1704 de
828 1640 1055 1724 gracia
1085 1645 1320 1704 nostra
1348 1640 1645 1724 speciali,
1676 1645 1747 1704 et
1776 1638 1864 1705 ad
1894 1638 2168 1704 laudem
2198 1644 2269 1703 et
2297 1639 2624 1704 honorem

412 1743 539 1807 Dei
592 1749 661 1807 et
714 1744 1000 1828 gloriose
1054 1744 1349 1828 Virginis
1404 1745 1613 1808 Marie
1667 1745 1908 1810 matris
1959 1744 2124 1820 eiuS,
2179 1743 2626 1829 omniumque

410 1847 842 1922 Sanctorum,
939 1847 1395 1912 concessimus
1488 1857 1557 1914 et
1653 1850 2004 1914 licenciam
2097 1847 2412 1914 dedimus
2505 1869 2626 1933 per

409 1958 757 2036 presentes
792 1972 917 2036 pro
952 1953 1148 2017 nobis
1184 1958 1252 2016 et
1289 1953 1514 2018 hered.
1555 1955 1739 2030 n'ris,
1777 1961 2120 2039 quantum
2156 1953 2226 2018 in
2260 1954 2461 2018 nobis
2494 1960 2620 2030 est,

409 2056 711 2140 Johanni
757 2057 1067 2133 Sendale,
1113 2058 1377 2133 clerice,
1424 2059 1755 2124 canonico
1799 2057 1979 2122 Eccl.
2029 2057 2190 2122 Coll.
2240 2057 2324 2122 de
2371 2057 2621 2142 Ripon'

405 2161 475 2226 in
520 2160 705 2227 Com.
756 2163 987 2237 Ebor.,
1033 2162 1221 2247 quod
1265 2163 1407 2247 ipse
1452 2162 1560 2227 vel
1604 2168 2002 2227 executores
2045 2163 2171 2238 sui,
2219 2183 2340 2228 seu
2384 2182 2620 2227 eorum

406 2265 617 2350 aliqui
665 2267 775 2330 vel
822 2267 1088 2352 aliquiS,
1139 2268 1229 2332 ob
1275 2267 1639 2351 specialem
1687 2267 2130 2331 deuocionem
2179 2288 2392 2352 quam
2440 2266 2620 2331 idem

408 2370 644 2453 Joh'es
680 2372 890 2436 habet
929 2372 1020 2436 ad
1055 2371 1383 2437 Sanctam
1422 2372 1704 2436 Petrum
1744 2377 1811 2436 et
1854 2371 2148 2437 Paulum
2186 2393 2265 2436 ac
2301 2379 2621 2437 sanctum

406 2476 819 2552 Wilfridum,
858 2497 1067 2541 vnam
1102 2477 1485 2542 cantariam
1519 2484 1927 2562 perpetuam
1961 2477 2046 2542 de
2081 2497 2218 2542 vno
2253 2476 2621 2561 Capellano

405 2588 739 2666 perpetuo
818 2581 1053 2647 diuina
1133 2582 1202 2647 in
1283 2581 1464 2647 Eccl.
1548 2581 1716 2646 Coll.
1799 2581 2109 2665 predicta
2189 2601 2312 2664 pro
2390 2581 2622 2647 anima

404 2685 571 2750 dicti
630 2685 968 2768 Johannis
1025 2693 1094 2750 et
1154 2687 1515 2751 animabus
1562 2686 1869 2751 omnium
1929 2705 2053 2770 pro
2097 2685 2349 2770 quibus
2396 2685 2622 2752 dictus

405 2790 641 2873 Joh'es
697 2811 976 2855 exorare
1035 2798 1329 2866 tenetur,
1391 2813 1471 2856 ac
1528 2792 1891 2856 animabus
1948 2790 2257 2855 omnium
2316 2790 2620 2856 fidelium

402 2894 907 2970 defunctorum,
960 2894 1158 2960 iuxta
1208 2896 1716 2961 ordinacionem
1765 2895 2072 2961 eiusdem
2123 2895 2462 2978 Johannis
2511 2896 2621 2960 vel

405 3005 853 3066 executorum
920 3020 1199 3065 suorum
1268 3006 1389 3066 aut
1457 3021 1693 3064 eorum
1758 3000 2144 3085 aliquorum
2210 3000 2319 3064 vel
2385 3021 2620 3067 eorum

402 3105 689 3170 alicuius
719 3105 788 3169 in
821 3105 949 3170 hac
980 3110 1177 3190 parte
1209 3105 1595 3169 faciendam
1627 3105 2052 3169 celebraturo
2085 3107 2615 3190 imperpetuum,

390 3209 646 3286 .facere,
715 3209 1025 3286 fundare,
1094 3209 1365 3294 erigere,
1434 3208 1760 3284 stabilire,
1827 3213 1898 3273 et
1963 3227 2189 3272 creare
2254 3217 2482 3293 posset
2548 3218 2620 3277 et

405 3315 691 3398 possint,
720 3321 788 3378 et
814 3314 1003 3398 quod
1029 3314 1216 3378 dicta
1242 3312 1567 3379 Cantaria
1590 3312 1662 3377 in
1690 3312 1870 3377 Eccl.
1901 3311 2210 3396 predicta
2238 3312 2614 3390 fundanda,

404 3439 561 3483 cum
641 3424 887 3494 erecta,
970 3425 1222 3495 creata,
1304 3417 1621 3493 fundata,
1703 3423 1772 3481 et
1851 3417 2160 3482 stabilita
2240 3416 2466 3495 fuerit,
2548 3426 2617 3486 et

402 3543 820 3587 successores
855 3523 961 3588 sui
996 3522 1342 3607 Capellani
1380 3521 1699 3587 Cantarie
1733 3520 1912 3586 illius
1947 3521 2085 3586 sint
2121 3542 2336 3586 vnum
2373 3543 2619 3608 corpus

405 3633 816 3711 perpetuum
855 3627 923 3692 in
962 3648 1032 3692 re
1070 3634 1138 3692 et
1172 3628 1466 3703 nomine,
1496 3647 1574 3691 ac
1606 3646 1893 3710 persone
1929 3625 2189 3690 habiles
2226 3633 2294 3692 et
2332 3648 2618 3713 capaces

405 3733 476 3796 in
523 3732 666 3817 lege
716 3732 805 3796 ad
854 3731 1283 3817 perquirend.
1338 3739 1552 3797 terras
1601 3738 1670 3795 et
1721 3737 2139 3806 tenementa,
2190 3730 2498 3797 redditus
2547 3741 2616 3798 et

406 3843 818 3902 annuetates
885 3837 952 3901 in
1022 3838 1222 3902 feodo
1292 3843 1360 3902 et
1434 3837 1921 3922 perpetuitate,
1993 3835 2292 3900 tenenda
2357 3837 2486 3902 sibi
2546 3844 2617 3902 et

404 3941 903 4006 successoribus
962 3942 1100 4006 suis
1159 3941 1690 4025 imperpetuum,
1751 3942 2192 4024 habeantque
2251 3945 2319 4004 et
2382 3961 2617 4006 eorum

404 4045 694 4119 Quilibet
732 4046 987 4109 habeat
1025 4046 1517 4110 successionem
1556 4052 1985 4124 perpetuam,
2025 4051 2094 4108 et
2133 4045 2320 4122 quod
2359 4046 2619 4124 primus

2785 1328 2932 1387 1466,

2722 1394 2846 1442 Oct.
2883 1408 2966 1456 25.
