3217 5117
1144 446 1337 511 Acrs
1385 465 1481 512 01²·
1527 446 1908 513 CHAPTER.
2552 468 2624 527 31

409 622 625 687 0οᾱυο
661 623 843 686 inter
874 624 1270 687 venerabile
1303 623 1686 706 capitulum
1723 626 1886 689 0001.
1921 625 2076 689 0011.
2111 638 2177 688 et
2213 624 2632 707 parochialis

420 722 700 805 Rypon’
750 742 985 785 coram
1049 723 1249 787 nobis
1299 722 1440 786 d’ni
1500 722 1843 788 Officialis
1899 724 2105 789 Curie
2163 724 2369 788 Ebot.
2427 722 2635 788 Com-

414 822 737 885 missario
822 823 1159 905 generali,
1248 836 1509 905 partem
1588 826 1934 901 actricem,
2015 846 2136 908 per
2208 825 2627 908 Magistrum

407 922 803 1006 Johannem
864 922 949 986 de
1006 922 1303 987 Stanton
1373 940 1886 1006 procuratorem
1952 940 2493 1009 comparentem,
2547 946 2630 989 ex

414 1037 606 1105 parte
652 1044 813 1094 vna,
852 1038 918 1086 et
959 1022 1307 1087 Thomam
1356 1022 1575 1086 filium
1620 1023 1978 1109 Symonis,
2018 1024 2286 1109 Joh'em
2340 1025 2634 1089 Stoi-our

411 1124 497 1185 de
538 1122 951 1199 Munketon,
999 1122 1362 1206 Rogerum
1400 1122 1717 1209 VVryght
1749 1124 1834 1189 de
1890 1124 2195 1209 Rypon',
2242 1124 2626 1189 Robertum

413 1219 507 1284 fil.
556 1221 845 1285 Roberti
898 1222 1351 1297 Mariotsone,
1390 1236 1456 1286 et
1502 1222 1771 1305 Joh'em
1811 1221 2205 1305 Whytbred
2241 1220 2326 1285 de
2359 1221 2625 1304 Thorp,

415 1321 885 1404 parochianos
940 1322 1119 1386 dicte
1168 1324 1330 1387 eccl.
1393 1323 1549 1386 coll.
1608 1332 1674 1385 et
1731 1320 2149 1403 parochialis
2203 1320 2288 1385 de
2350 1310 2632 1405 Rypon'

414 1442 537 1505 per
566 1422 988 1505 Magistrum
1016 1422 1283 1506 Joh'em
1314 1422 1397 1486 de
1431 1419 1766 1505 Rouclyff
1789 1434 2330 1503 comparentem,
2365 1435 2622 1503 partem

415 1542 629 1597 ream,
687 1542 771 1584 ex
827 1523 1064 1597 altera,
1126 1523 1361 1585 oblato
1427 1522 1662 1586 libello
1724 1521 2252 1585 conuencionali
2319 1535 2624 1585 tenorem

411 1620 531 1703 qui
570 1621 887 1704 sequitur
918 1622 1337 1685 continente.

599 1784 672 1846 ln
716 1784 846 1847 Dei
888 1783 1191 1857 nomine,
1234 1784 1485 1847 Amen.
1586 1782 1838 1847 Coram
1893 1784 2090 1847 vobis
2133 1783 2297 1847 d’no
2330 1783 2629 1848 officiali

414 1882 625 1948 Curie
684 1883 890 1947 Ehor.
950 1897 1267 1947 vestr-ove
1322 1883 1827 1949 Commissario
1883 1884 2193 1967 generali
2255 1884 2420 1966 petit
2479 1904 2634 1966 pro-

411 1995 692 2047 curator
757 1983 1175 2047 venerabilis
1240 1982 1542 2065 Capituli
1606 1985 1770 2047 eccl.
1841 1984 1998 2047 coll.
2069 1998 2135 2048 et
2199 1984 2477 2068 paroch.
2547 1984 2632 2047 de

422 2081 707 2165 Rypon'
742 2081 1023 2145 nomine
1061 2082 1533 2163 procuratorio
1568 2103 1693 2165 pro
1726 2083 1966 2146 eodem
2006 2082 2352 2147 Thomam
2392 2083 2484 2147 fil.
2521 2085 2623 2160 S„

411 2182 471 2266 J.
531 2182 604 2244 S.
661 2183 747 2245 de
800 2181 927 2255 M„
976 2180 1061 2243 R.
1107 2181 1225 2244 W.
1266 2182 1349 2245 de
1404 2181 1521 2255 R.,
1582 2181 1671 2244 R.
1714 2180 1807 2244 fil.
1859 2182 1944 2244 R.
1991 2182 2115 2258 M„
2157 2194 2221 2247 et
2267 2182 2325 2267 J.
2387 2180 2504 2246 W.
2545 2182 2629 2246 de

414 2281 529 2356 T.,
572 2279 1038 2363 parochianos
1072 2280 1249 2344 dicte
1282 2281 1523 2344 eccleS.
1564 2281 1721 2343 coll.
1763 2292 1828 2344 et
1866 2281 2144 2363 paroch.
2194 2281 2476 2363 Ripon’,
2508 2282 2626 2364 qui

418 2382 700 2443 boscam
734 2379 886 2458 (sic)
913 2392 977 2442 et
1003 2380 1253 2441 siluam
1284 2380 1571 2444 ceduam
1606 2380 1672 2443 in
1705 2381 1857 2444 loco
1884 2395 2131 2445 vocato
2159 2382 2218 2445 10
2251 2381 2630 2446 Horsclose
2782 2396 2945 2444 Nona.

415 2497 479 2543 et
509 2482 797 2542 boscum
835 2492 901 2542 et
933 2479 1087 2542 silv.
1118 2479 1261 2543 ced.
1298 2480 1364 2542 in
1396 2480 1547 2544 loco
1580 2480 1698 2561 qui
1730 2493 2015 2544 vocatur
2045 2482 2106 2545 10
2141 2481 2622 2566 StubbyngeS,
2658 2460 3057 2575 οῇξῌξζζᾟξῖξᾞ

414 2600 551 2661 que
584 2579 867 2661 quidem
905 2580 1081 2642 silue
1115 2580 1328 2643 cedue
1362 2600 1446 2642 ex
1478 2579 1737 2643 eisdem
1787 2580 2121 2663 stirpibus
2168 2595 2233 2644 et
2283 2581 2631 2645 radicibus
2659 2592 2886 2641 ceduax·

415 2693 876 2742 renascuntur
964 2692 1030 2741 et
1125 2696 1535 2753 recrescunt,
1621 2692 1686 2743 et
1762 2680 1862 2744 sic
1939 2681 2175 2763 sepius
2256 2702 2630 2745 recrescere

410 2790 933 2842 consueuerunt
968 2777 1144 2840 infra
1183 2776 1359 2841 fines
1406 2793 1473 2842 et
1522 2779 1776 2843 limites
1823 2792 1890 2844 et
1937 2782 2088 2845 loca
2134 2781 2630 2845 decimacionis

412 2877 593 2941 dicte
640 2878 807 2941 0001.
858 2876 941 2941 de
995 2877 1083 2939 R.
1137 2878 1618 2949 existentibus,
1673 2879 1738 2941 in
1789 2901 1978 2943 anno
2030 2879 2195 2942 D'ni
2252 2878 2631 2944 Millesimo

413 2992 615 3042 00οῐΠΟ
676 2978 1120 3060 sexagesimo
1182 2992 1431 3059 quarto
1491 2992 1966 3061 amputarunt,
2036 2980 2499 3055 succiderunt,
2568 2994 2634 3043 et

412 3077 761 3160 amputari
798 3090 864 3141 et
894 3077 1154 3141 succidi
1194 3076 1501 3141 fecerunt
1532 3092 1597 3141 et
1627 3080 1691 3142 in
1725 3100 1892 3143 vsus
1918 3100 2085 3144 suos
2112 3100 2240 3143 con
2255 3092 2626 3156 uerterunt,

414 3191 479 3242 et
528 3178 825 3261 quilibet
878 3198 1117 3242 eorum
1177 3179 1589 3260 amputauit,
1653 3178 1966 3255 succidit,
2028 3200 2107 3244 ac
2167 3181 2510 3263 amputari
2569 3196 2633 3245 et

414 3276 676 3341 succidi
728 3275 887 3340 fecit
932 3291 998 3339 et
1056 3277 1436 3353 mandauit,
1491 3292 1555 3341 et
1615 3278 1680 3340 in
1741 3300 1940 3342 vsum
2001 3300 2205 3343 suum
2264 3280 2625 3353 conuertit,

418 3378 597 3441 iusta
660 3390 727 3441 et
793 3397 954 3440 vera
1015 3377 1319 3440 decima¹
1386 3376 1561 3441 dicte
1629 3378 1806 3442 silue
1867 3379 2104 3455 cedue,
2173 3400 2382 3462 quam
2452 3380 2629 3445 idem

418 3489 825 3561 procurator
856 3476 1017 3540 facit
1050 3492 1113 3540 et
1148 3478 1423 3540 estimat
1455 3478 1539 3540 ad
1579 3477 1827 3562 viginti
1865 3479 2130 3543 solidos
2161 3482 2457 3565 argenti,
2497 3502 2632 3565 que

415 3576 697 3660 quidem
734 3575 1005 3640 decima
1036 3576 1239 3640 dictis
1272 3577 1561 3641 ecclesie
1603 3579 1883 3661 paroch.
1926 3592 1990 3642 et
2040 3578 2367 3662 Capitulo
2414 3597 2516 3645 est
2547 3582 2632 3645 de

420 3677 562 3741 iure
628 3691 694 3739 et
756 3676 1261 3740 consuetudine
1320 3676 1692 3741 laudabili2
1749 3678 2014 3742 notorie
2060 3678 2292 3742 debita
2339 3694 2404 3744 et
2451 3681 2628 3744 solui

414 3789 749 3841 consueta
781 3790 846 3840 et
883 3797 1002 3860 per
1033 3776 1311 3841 eosdem
1350 3777 1459 3850 T.,
1498 3776 1586 3861 J.,
1634 3776 1750 3852 R.,
1793 3776 1909 3855 R.,
1941 3790 2006 3843 et
2037 3778 2125 3862 J.,
2165 3780 2283 3862 qui
2320 3800 2403 3844 ex
2440 3793 2630 3863 parte

416 3877 576 3941 dicti
613 3876 895 3960 capituli
932 3897 1143 3959 super
1174 3877 1533 3941 solucione
1566 3890 1633 3941 et
1668 3878 2099 3959 prestacione
2139 3880 2317 3944 dicte
2366 3880 2631 3945 decime

419 3996 731 4060 congrue
788 3975 1121 4057 requisiti,
1188 3976 1406 4059 ipsam
1468 3977 1808 4041 decimam
1868 3979 2140 4042 soluere
2200 3994 2624 4055 recusarunt,

420 4091 483 4140 et
515 4076 811 4159 quilibet
844 4096 1083 4139 eorum
1124 4076 1376 4140 iniuste
1419 4076 1784 4151 recusauit,
1828 4075 2130 4142 indebite
2170 4082 2520 4143 subtracta
2566 4093 2632 4143 et

423 4196 544 4259 per
611 4175 891 4239 eosdem
959 4174 1232 4239 detenta
1297 4190 1361 4239 et
1428 4197 1563 4239 non
1631 4177 1879 4247 soluta,
1953 4176 2018 4239 in
2084 4178 2243 4241 dicti
2327 4178 2628 4262 Capituli

426 4275 745 4339 iniuriam
783 4289 849 4339 et
885 4274 1337 4357 preiudicium
1378 4275 1842 4340 manifestum.

551 4430 565 4453 ¹
608 4426 719 4474 MS.
751 4428 850 4475 has
881 4429 915 4453 “
937 4426 987 4473 in
1014 4426 1153 4474 iusta
1180 4428 1227 4474 &
1254 4426 1337 4473 v'a
1364 4424 1630 4481 decime,''
1659 4426 1828 4474 which
1856 4427 2014 4489 gives
2039 4444 2108 4476 no
2133 4444 2312 4477 sense.

552 4518 571 4541 ²
608 4516 644 4539 ‘⁸
666 4514 922 4564 laudabili
947 4512 971 4527 “’
1000 4514 1257 4579 repeated
1286 4516 1335 4561 in
1364 4514 1481 4562 MS.
