3217 5117
283 1858 430 1907 1392,

234 1912 362 1960 Dec.
401 1926 418 1959 1
429 1927 478 1960 ο.

283 2317 300 2352 ¹
315 2308 431 2367 389.

235 2372 369 2435 July
405 2384 480 2431 19.

247 2464 467 2513 Similar

227 2531 491 2580 mandate

226 2598 368 2646 from
399 2596 494 2646 the

274 2679 442 2713 sanie.

583 458 611 503 1
627 438 705 503 18
1150 439 1308 504 Tim
1358 440 1667 504 'INGILBY
1720 439 2213 504 MANUscmPT.

575 624 968 701 spectantes
1024 618 1226 702 pleno
1283 619 1425 683 iure
1484 618 1613 683 tibi
1670 618 2083 683 conferimus
2140 617 2398 681 intuitu
2456 616 2787 690 caritatiS,

577 729 644 785 et
693 730 761 786 te
806 743 926 811 per
969 722 1204 787 birreti
1249 724 1466 787 nostri
1515 722 1964 787 tradicionem
2010 722 2415 787 inuestimus
2460 718 2791 804 presenci-

577 826 776 890 aliter
819 827 904 890 de
950 828 1226 901 eisdem,
1274 827 1718 892 decernentes
1764 833 1833 890 te
1879 826 1988 890 vel
2033 833 2545 910 procuratorem
2594 832 2792 889 tuum

579 937 701 994 tuo
737 930 1012 997 nomine
1049 931 1116 995 in
1152 932 1574 1015 corporalem
1613 932 2105 1015 possessionem
2142 930 2483 995 dictorum
2519 929 2793 994 canoni-

577 1040 777 1099 catus
851 1041 920 1099 et
997 1035 1339 1119 prebende
1417 1036 1557 1099 fore
1634 1036 1999 1100 actualiter
2073 1034 2560 1109 inducendum,
2637 1054 2795 1097 cum

579 1139 897 1205 omnibus
947 1140 1088 1203 suis
1139 1139 1398 1203 iuribus
1449 1146 1518 1203 et
1571 1140 2007 1223 pertinenciis
2059 1138 2411 1204 VniuersiS.
2510 1138 2670 1202 Dat.
2726 1138 2793 1201 in

579 1244 883 1327 hospicio
944 1250 1180 1308 nostro
1240 1244 1438 1309 iuxta
1492 1244 1801 1321 Westm.,
1866 1244 2131 1309 decimo
2180 1244 2288 1307 die
2350 1244 2601 1308 mensis
2666 1242 2796 1305 De-

579 1348 889 1422 cembriS,
984 1347 1185 1413 Anno
1279 1349 1554 1413 Domini
1641 1349 2025 1448 Millesimo·
2082 1362 2282 1413 ccc¹¹¹⁰
2357 1347 2795 1432 nonogesimo

579 1452 900 1527 secundo,
939 1460 1009 1516 et
1046 1459 1277 1517 nostre
1313 1453 1815 1543 Translacionis
1850 1454 2116 1539 quinto,

1119 1658 1294 1740 (186)
1350 1658 1500 1722 PRo
1547 1657 1813 1723 THOMA
1864 1658 2262 1722 Fomssrmae.

755 1828 898 1892 The
937 1826 1426 1911 Archbishop’s
1465 1826 1794 1890 mandate
1833 1831 1909 1889 to
1948 1826 2209 1899 induet,
2256 1825 2576 1910 repeated
2620 1825 2794 1888 from

583 1933 709 1997 Nu.
756 1933 899 2014 184.

581 2116 703 2199 53.’
796 2123 970 2206 (187)
1029 2123 1140 2187 DE
1183 2138 1644 2187 cANochTu
1701 2136 2089 2185 PREBENDE
2141 2138 2237 2185 DE
2288 2120 2730 2185 MUNKETON.

757 2291 1077 2366 Thomas,
1134 2290 1574 2375 permissione
1630 2289 1867 2354 diuina
1921 2289 2125 2353 Ebot.
2185 2289 2499 2373 Archiep.
2557 2287 2798 2371 Anglie

583 2396 858 2478 primas„
923 2401 991 2459 et
1055 2402 1275 2479 apost.
1349 2394 1524 2459 sedis
1587 2394 1873 2478 legatus,
1938 2394 2203 2460 dilectis
2264 2392 2417 2456 filiis
2479 2390 2797 2475 Capitulo

583 2499 740 2565 eccl.
790 2507 1020 2564 nostre
1065 2499 1226 2564 Coll.
1278 2500 1407 2563 S’ci
1456 2498 1671 2564 Wilfr.
1725 2499 1903 2583 Ryp.
1952 2520 2029 2564 sa
2071 2520 2211 2584 gra.
2260 2504 2329 2562 et
2377 2498 2527 2561 ben.
2624 2496 2795 2560 Cum

582 2624 708 2668 nos
763 2604 1177 2668 auctoritate
1232 2603 1584 2668 literarum
1642 2602 2175 2687 apostolicarum
2230 2607 2301 2666 et
2356 2620 2795 2685 processuum

585 2708 742 2773 inde
793 2708 1134 2773 factarum
1189 2708 1329 2790 (sic)
1386 2708 1612 2772 dilect.
1667 2708 1756 2772 fil.
1814 2708 2178 2792 Hugonem
2227 2707 2313 2771 de
2363 2705 2799 2789 Cotyngham

583 2812 1038 2897 presbiterum
1105 2812 1194 2875 ad
1258 2812 1679 2895 corporalem
1744 2812 2240 2895 possessionem
2306 2809 2649 2894 prebende
2715 2810 2800 2872 de

589 2916 965 2981 Munketon
1011 2916 1080 2981 in
1123 2916 1310 2981 dicta
1352 2916 1508 2980 eccl.
1557 2923 1795 2981 nostra
1836 2916 2067 3001 colleg.
2118 2916 2298 2999 Ryp.
2346 2936 2466 2999 per
2507 2922 2801 2979 mortem

588 3020 824 3105 Mag’ri
900 3020 1028 3084 Ad.
1107 3020 1190 3083 de
1264 3020 1620 3084 Thornton
1696 3020 1920 3084 vltimi
1994 3019 2423 3103 prebendarii
2497 3018 2800 3084 eiusdem

587 3123 900 3189 vacantis
979 3124 1034 3187 si
1115 3129 1182 3187 et
1263 3128 1608 3207 quatenus
1687 3124 1755 3187 vi
1837 3130 1907 3187 et
1988 3124 2219 3209 vigore
2298 3123 2651 3187 literarum
2730 3130 2803 3186 et

587 3248 1026 3311 processuum
1095 3228 1398 3311 ipsorum
1468 3228 1892 3303 tenebamur,
1964 3235 2032 3293 et
2100 3250 2237 3294 non
2306 3230 2523 3305 aliter,
2592 3228 2804 3294 saluis

589 3332 786 3396 nobis
830 3337 899 3396 et
943 3331 1444 3396 successoribus
1486 3332 1738 3397 nostris
1782 3353 1861 3397 ac
1906 3333 2179 3398 ecclesie
2224 3339 2454 3398 nostre
2500 3333 2804 3418 predicte

589 3435 1112 3520 excepcionibus
1183 3442 1249 3500 et
1323 3436 1832 3501 defensionibus
1903 3444 2049 3503 tam
2120 3437 2521 3502 nullitatum
2590 3457 2803 3522 quam

591 3541 880 3605 aliarum
928 3540 1371 3605 materiarum
1418 3561 2011 3625 quorumcumque
2058 3547 2204 3606 tam
2252 3548 2491 3606 contra
2540 3541 2805 3606 dictum

593 3645 956 3730 Hugonem
1019 3664 1231 3728 quam
1296 3644 1526 3708 literas
1590 3650 1659 3708 et
1725 3666 2079 3730 processus
2143 3652 2558 3711 memoratos
2621 3665 2804 3710 com—

591 3750 990 3833 petentibus
1079 3749 1188 3812 vel
1276 3750 1752 3834 competituris
1842 3750 1911 3815 in
2001 3771 2364 3835 personam
2456 3750 2630 3814 Ric'i
2720 3750 2807 3814 de

589 3853 946 3938 Appulton
1016 3852 1237 3917 clerici
1308 3855 1770 3936 procuratoris
1839 3856 1943 3919 sui
2015 3855 2465 3920 sufficientem
2537 3856 2604 3921 in
2674 3858 2806 3921 hac

589 3964 788 4043 parte
823 3963 1242 4042 potestatem
1277 3958 1596 4022 habentis
1631 3958 2051 4025 admisimus
2148 3960 2359 4025 Vobis
2394 3961 2809 4025 mandamus

586 4062 917 4147 quatinus
992 4061 1170 4126 circa
1239 4062 1584 4146 prefatum
1664 4064 2028 4149 Hugonem
2106 4064 2215 4129 vel
2292 4071 2807 4148 procuratorem

585 4188 788 4231 suum
836 4167 980 4230 eius
1027 4166 1301 4231 nomine
1348 4166 1616 4231 faciatis
1684 4174 1754 4233 et
1821 4170 2254 4254 exequamini
2322 4170 2393 4234 in
2463 4192 2541 4234 ea
2611 4176 2809 4255 parte

587 4270 873 4335 vlterius
935 4270 1124 4354 quod
1187 4275 1289 4333 est
1353 4276 1682 4335 vestrum.
1780 4272 2038 4337 Valete.
2136 4274 2297 4338 Dat.
2368 4275 2434 4339 in
2498 4275 2809 4339 manerio

587 4382 825 4441 nostro
857 4376 941 4439 de
975 4374 1256 4439 Westm.
1295 4374 1448 4438 xixo
1477 4374 1586 4438 die
1621 4378 1871 4441 mensis
1904 4377 2067 4461 Julij
2107 4377 2309 4443 Anno
2341 4378 2485 4443 d'ni
2520 4378 2811 4445 Mill’mo

587 4490 787 4545 cccm0
823 4479 1114 4553 lxxxixo,
1155 4485 1223 4542 et
1262 4484 1493 4543 nostre
1529 4478 2031 4546 Translacionis
2068 4482 2387 4559 secundo.
