3217 5117
591 456 719 540 276
1161 457 1320 522 Tm:
1371 457 1683 521 INGILBY
1732 455 2227 520 Mmuscmpr.

596 637 1081 702 admissionem
1136 637 1538 702 canonicam
1593 635 1737 700 d'ni
1794 633 2131 718 Johannis
2185 632 2384 708 Wall,
2442 629 2813 715 Capellani,

193 743 234 788 A
261 741 542 816 ‚chantry
598 741 1055 825 Commissarij
1117 743 1354 816 nostri,
1414 739 1829 806 admittendi
1856 751 1873 780 ¹
1933 739 2023 802 ad
2071 738 2373 822 aliquam
2420 733 2819 800 Cantariam

189 813 362 921 {1¹15ss
377 811 552 937 ρ’ἷξὲζῒ
601 851 1004 930 perpetuam
1052 847 1120 910 in
1169 846 1354 910 dicta
1403 845 1707 910 Ecclesia
1750 850 1988 908 nostra
2031 841 2405 926 Collegiata
2450 838 2819 904 fundatam

169 954 312 1054 ffffigt
333 941 570 1056 ῗῖήῑξῖζῒ·
602 951 1052 1034 imposterum
1072 965 1100 995 2
1163 957 1591 1025 vacaturam,
1646 949 1699 1013 si
1762 947 1852 1011 ad
1918 947 2220 1031 aliquam
2286 945 2658 1010 earundem
2722 941 2821 1006 sic

207 1078 306 1122 not
334 1077 396 1122 to
420 1087 539 1136 pre-
603 1061 971 1118 vacantem
1039 1055 1264 1139 ipsum
1333 1055 1526 1119 d'nm
1594 1053 1868 1137 Joh’em
1935 1052 2113 1116 Wall
2181 1052 2250 1116 in
2319 1051 2631 1116 futurum
2698 1066 2824 1132 per

174 1141 503 1254 ὃόζξίἓζὶἑζζε
518 1207 577 1256 of
603 1178 1111 1242 quemcumque
1133 1178 1252 1250 seu
1277 1178 1748 1242 quoscumque
1774 1157 1902 1240 Jus
1927 1156 2367 1241 presentandi
2391 1151 2818 1225 nominandi,

231 1273 515 1352 ivm-John
605 1263 1030 1348 prouidendi,
1058 1283 1178 1328 seu
1203 1262 1592 1348 assignandi
1618 1262 1707 1327 ad
1733 1263 1953 1346 ipsam
1978 1260 2372 1325 Cantariam
2393 1273 2421 1316 3
2450 1259 2824 1322 habentem

293 1339 452 1389 Wau.
605 1389 724 1432 seu
769 1369 1102 1432 habentes
1146 1368 1724 1452 quandocumque
1768 1373 1839 1430 et
1882 1366 2503 1452 quocienscumque
2549 1382 2821 1447 presen-

605 1473 758 1549 tari,
817 1472 1176 1548 nominari,
1236 1473 1600 1557 prouideri,
1659 1473 1768 1536 vel
1826 1471 2152 1556 assignari
2209 1468 2624 1554 contigerit,4
2680 1486 2823 1530 non

604 1579 928 1642 obstante
985 1577 1258 1642 defectu
1317 1578 1460 1642 eius
1518 1576 1875 1642 insciencie
1931 1575 2001 1641 in
2059 1575 2289 1660 aliquo
2344 1579 2578 1648 cantu,
2655 1571 2821 1657 quia

191 1681 575 1757 superliniaczjo
604 1684 924 1768 quamuis
969 1683 1030 1746 ei
1077 1683 1252 1747 desit
1300 1682 1588 1746 sciencia
1636 1681 1935 1766 perfecte
1981 1687 2050 1744 et
2097 1679 2422 1744 distincte
2465 1675 2819 1751 cantandi,

171 1748 577 1876 ἕνρξῗζζῗῖςηέῗξῗ
607 1794 841 1852 tamen
870 1793 1272 1871 reputamus
1301 1787 1444 1850 eius
1474 1785 1957 1850 discrecionem
1988 1792 2056 1849 et
2087 1786 2341 1848 bonam
2372 1783 2631 1847 famam
2659 1802 2821 1846 cum

199 1881 300 1996 ’τε
322 1881 540 2008 ἑζξῗζέζῑ
605 1892 758 1976 alijs
835 1891 1214 1956 virtutibus
1291 1891 1562 1975 quibuS,
1648 1891 1795 1954 Deo
1874 1890 2103 1964 dante,
2187 1888 2515 1963 induitur,
2598 1887 2821 1970 ipsam

174 2015 338 2063 scribe
370 2015 572 2128 preclua·
603 1995 935 2060 virtutem
971 1994 1299 2060 cantandi
1337 1994 1655 2058 deentem
1692 1993 2059 2077 suppletas

219 2082 261 2130 ti
287 2081 472 2145 capitu
494 2082 530 2130 i.

175 2171 262 2220 No
281 2173 491 2221 deacon
514 2177 576 2221 to
785 2163 909 2249 (97)
988 2162 1187 2238 Item,
1248 2167 1596 2226 statutum
1655 2167 1757 2224 est
1815 2160 2001 2244 quod
2061 2160 2287 2224 nullus
2344 2158 2672 2222 diaconus
2730 2156 2824 2221 ad

186 2239 556 2354 bfvfiffiffitttgd
605 2266 884 2352 aliquod
923 2265 1203 2330 stallum
1241 2266 1649 2330 diaconatus
1687 2264 1887 2348 officij
1933 2265 2002 2328 in
2042 2264 2262 2328 Choro
2301 2264 2482 2328 dicte
2522 2261 2823 2327 Ecclesie

171 2371 492 2436 knowledge
518 2371 578 2421 of
603 2371 689 2435 de
763 2375 990 2434 cetero
1064 2370 1520 2454 quouismodo
1597 2369 2015 2434 admittatur
2088 2368 2215 2432 nisi
2292 2368 2419 2432 scit
2496 2367 2823 2431 distincte

229 2438 521 2502 plainsong
673 2464 678 2468 ·
1835 2473 1845 2485 .
2444 2473 2455 2483 .

207 2506 316 2554 and
360 2505 537 2569 prick-
603 2479 882 2538 cantare
947 2480 1232 2537 cantum
1293 2473 1577 2556 planum
1631 2480 1701 2537 et
1752 2493 1967 2536 eciam
2020 2473 2337 2546 fractum,
2390 2493 2519 2536 viz.
2572 2472 2821 2554 pryke-

291 2585 445 2636 song.
599 2580 862 2661 sange.⁶

172 2717 261 2765 No
305 2717 574 2794 thuribler
781 2717 981 2793 Item,
1024 2718 1213 2803 quod
1254 2718 1480 2783 nullus
1521 2717 2042 2782 Thuribularius
2083 2717 2337 2781 ibidem
2379 2716 2821 2791 admittatur,

219 2784 525 2915 ρῖζῖξζὲξὲ,
604 2819 733 2885 nisi
769 2821 898 2885 scit
935 2822 1259 2887 distincte
1295 2829 1575 2887 cantare
1612 2827 1897 2887 cantum
1934 2822 2239 2906 planum.

221 2967 529 3017 Choristers
785 2963 963 3028 Item
1009 2965 1094 3028 de
1141 2964 1550 3028 admissione
1596 2963 2067 3029 Choristarum
2112 2965 2181 3028 in
2229 2964 2469 3028 eadem
2517 2963 2819 3027 Ecclesia

174 3035 467 3098 according
519 3039 579 3084 to
684 3067 694 3076 ·
757 3067 768 3078 ·
1458 3069 1468 3079 .
2118 3069 2128 3079 .
2719 3070 2730 3080 .

178 3101 574 3166 formerusage.
605 3073 1256 3142 ministraturorum,
1327 3069 1723 3132 ordinamus
1791 3074 1860 3133 et
1929 3069 2291 3133 definimus
2358 3075 2564 3153 prout
2631 3089 2821 3153 prius

607 3172 1002 3236 ordinatum
1039 3178 1166 3248 est,
1207 3177 1276 3236 et
1314 3173 1528 3236 eciam
1567 3193 1653 3237 ex
1692 3173 1980 3256 antiquo
2017 3173 2375 3238 vsitatum.

235 3307 521 3438 5322?ss
786 3314 963 3378 Item
993 3320 1340 3379 statutum
1371 3320 1472 3378 est
1503 3314 1572 3378 in
1602 3315 1737 3378 ista
1766 3313 2278 3378 Conuocacione
2306 3314 2600 3398 generali
2628 3314 2820 3399 quod

213 3441 357 3490 have
386 3443 543 3492 stans
606 3423 794 3481 certa
828 3417 1030 3482 stalla
1068 3425 1400 3501 perpetua
1435 3419 1873 3502 assignantur
1907 3419 1976 3482 in
2016 3418 2237 3482 Choro
2275 3419 2549 3482 ecclesie
2586 3425 2821 3483 nostre

210 3509 555 3630 ξζῖξιῐῑῗὲξξ
606 3520 852 3606 Colleg.
931 3521 1179 3605 Ripon'
1252 3521 1636 3605 Capellanis
1704 3521 2051 3605 perpetuis
2120 3521 2599 3586 Cantariarum
2668 3542 2819 3606 per-

229 3642 362 3688 each
391 3655 523 3704 may
606 3631 972 3708 petuarum
1039 3627 1108 3690 in
1175 3626 1413 3690 eadem
1482 3626 1787 3691 Ecclesia
1852 3627 2321 3702 fundatarum,
2391 3633 2459 3691 et
2524 3627 2817 3712 quilibet

231 3707 508 3824 kngjss'nffis
605 3728 1011 3812 Capellanus
1069 3737 1440 3813 perpetuus
1499 3730 1891 3796 huiusmodi
1950 3731 2428 3796 Caritariarum
2488 3736 2816 3815 agnoscat

743 3933 754 3956 ¹
801 3935 828 3950 ‘⁶
849 3929 1185 3978 admittendi
1205 3931 1234 3948 '⁹
1265 3931 1500 3978 omitted
1529 3930 1602 3979 fo,
1630 3931 1699 3990 96
1724 3945 1779 3978 v.

737 4025 758 4048 ²
797 4020 1190 4083 “inposterum
1211 4021 1240 4039 ''
1273 4021 1344 4070 fo.
1371 4023 1444 4081 96
1467 4037 1521 4070 v.

737 4117 756 4147 ³
792 4111 900 4160 For
931 4113 1298 4161 ‘'Cantariam
1321 4113 1350 4132 '⁹
1383 4113 1453 4160 fo.
1483 4113 1552 4172 96
1577 4128 1632 4160 v.
1663 4113 1762 4162 has
1794 4119 1920 4162 “sic
1946 4113 2299 4162 vacantem.''

733 4207 753 4236 ⁴
793 4202 940 4251 Next
975 4203 1184 4252 follows
1217 4203 1269 4251 in
1304 4203 1376 4251 fo.
1409 4205 1478 4263 96
1509 4218 1582 4258 ν..
1623 4205 1929 4266 “quamuis
1961 4205 2007 4252 ei
2040 4205 2183 4252 desit
2214 4203 2450 4252 sciencia
2480 4203 2725 4266 perfecte
2756 4209 2813 4252 et

589 4280 852 4330 distincte
878 4281 1160 4336 cantandi,
1189 4281 1322 4344 quia
1348 4283 1729 4345 reputamus,’⁰
1760 4289 1864 4332 etc.

731 4379 750 4409 ⁵
791 4375 854 4422 In
883 4374 978 4422 the
1005 4375 1169 4422 lower
1195 4374 1406 4434 margin
1434 4373 1492 4422 of
1520 4375 1591 4422 fo.
1621 4377 1691 4427 06
1716 4391 1770 4424 v.
1799 4377 1844 4423 is
1866 4376 1961 4424 the
1987 4380 2119 4424 note
2150 4381 2179 4396 ‘¹
2204 4375 2477 4423 Admissio
2496 4376 2613 4424 d'ni
2632 4376 2813 4439 Joh'is

589 4455 728 4506 wau
759 4456 828 4504 ad
857 4453 1177 4504 Cantariam
1207 4453 1325 4501 S'ce
1351 4453 1642 4502 Trinitatis
1670 4455 1726 4502 in
1752 4455 1883 4502 naui
1914 4454 2153 4503 Ecclesie
2182 4455 2533 4503 fundatam.''

728 4557 746 4580 0
787 4551 886 4597 See
911 4561 964 4612 p.
999 4559 1116 4606 275,
1147 4551 1277 4593 note
1314 4557 1354 4594 1.
