3217 5117
164 716 211 751 e.
240 704 566 764 1216-1234.

260 2575 307 2611 c.
346 2574 493 2622 1270.

597 402 680 469 82
1177 401 1335 467 THE
1386 401 1698 467 INGILBY
1747 400 2240 467 MAnuscmpr.

596 593 694 657 39.
1366 582 1541 664 (124)
1596 582 1709 646 DE
1759 598 2033 646 EODEM.

772 698 977 763 Omn.
1002 698 1119 782 xpi
1142 697 1257 762 fid.
1283 718 1384 782 pr.
1408 717 1533 762 scr.
1563 698 1689 763 vis,
1713 697 1822 761 vel
1845 697 2032 773 aud„
2055 696 2420 779 Wymerus
2446 694 2530 758 de
2549 692 2816 757 Thorn-

597 806 742 877 ton,
800 787 1117 867 salutem.
1223 801 1573 866 Noueritis
1629 822 1738 866 me
1793 801 1947 866 ded.
1998 821 2187 865 cone.
2238 805 2306 864 et
2357 799 2422 862 h.
2474 817 2540 882 p.
2601 817 2658 860 e.
2719 816 2812 859 m.

592 906 772 970 conf.
813 907 1020 971 beato
1056 905 1213 989 Joh.
1254 906 1569 990 Baptiste
1605 912 1675 969 et
1713 905 1984 990 Capelle
2019 925 2167 969 mee
2205 904 2289 968 de
2326 901 2816 983 Asmunderby

594 1009 685 1074 ad
739 1010 1075 1075 luminare
1130 1009 1385 1074 ibidem
1442 1009 1954 1085 inueniendum,
2013 1008 2056 1092 ij
2117 1007 2453 1073 solidatus
2507 1005 2822 1070 redditus

593 1134 768 1199 quos
812 1114 1097 1197 Joh'nes
1140 1114 1459 1197 Carpent.
1507 1113 1714 1177 michi
1758 1113 2017 1179 soluere
2061 1112 2418 1177 consueuit
2465 1130 2588 1194 pro
2631 1114 2819 1173 tene-

595 1224 832 1283 mento
891 1218 1079 1304 quod
1141 1218 1225 1281 de
1286 1238 1394 1282 me
1457 1224 1648 1281 tenet
1711 1218 1780 1281 in
1840 1218 2004 1281 villa
2065 1222 2132 1281 et
2194 1217 2265 1280 in
2327 1212 2672 1279 territorio
2734 1212 2820 1277 dc

596 1321 1102 1407 Asmunderby.
1228 1323 1317 1386 Et
1381 1322 1695 1386 similiter
1749 1320 2195 1406 adquietand.
2250 1339 2359 1383 me
2409 1324 2478 1382 et
2531 1318 2668 1382 her.
2723 1336 2816 1380 m.

595 1426 681 1490 de
719 1446 951 1491 annuo
990 1426 1265 1491 redditu
1304 1447 1511 1511 quem
1550 1427 1812 1491 soluere
1851 1425 2331 1491 consueuimus
2371 1423 2455 1487 de
2495 1420 2822 1503 Stodeley

596 1550 721 1614 pro
752 1530 1147 1595 molendina
1179 1530 1264 1595 de
1297 1531 1495 1606 Ferk‚
1532 1550 1656 1614 pro
1688 1550 1783 1595 sa.
1821 1551 1931 1595 an.
1967 1550 2058 1594 m.
2089 1535 2158 1592 et
2192 1548 2374 1593 omn.
2407 1532 2818 1591 antecessor.

596 1641 666 1698 et
718 1634 855 1699 her.
911 1655 1001 1699 m.
1100 1635 1191 1698 Et
1242 1654 1367 1719 ego
1417 1634 1781 1717 Wymerus
1831 1640 1900 1697 et
1951 1635 2090 1698 her.
2145 1653 2234 1697 m.
2291 1631 2596 1715 prefatos
2647 1629 2823 1694 duos

595 1738 848 1803 solidos
896 1738 1083 1823 pred.
1122 1738 1275 1803 S'co
1327 1738 1537 1821 (Joh.)
1570 1748 1587 1778 ¹
1641 1744 1709 1801 et
1750 1737 2020 1822 Capelle
2059 1743 2128 1801 et
2162 1735 2530 1821 Capellano
2577 1740 2822 1798 contra

596 1863 779 1907 omn.
838 1842 1147 1907 homines
1201 1842 1269 1907 in
1322 1862 1511 1927 perp.
1570 1842 2173 1907 warantizabimus
2225 1848 2296 1904 et
2349 1839 2820 1904 defendemus,

598 1946 681 2011 In
724 1966 781 2011 c.
830 1966 881 2011 r.
930 1953 979 2011 t.
1028 1966 1127 2030 pr.
1175 1967 1300 2011 scr.
1349 1946 1470 2032 sig.
1518 1967 1608 2011 m.
1658 1946 1968 2030 apposui.
2066 1946 2152 2009 H.
2202 1951 2252 2009 t.
2303 1943 2563 2029 Mag'ro
2607 1942 2686 2007 G.
2736 1942 2823 2006 de

598 2050 799 2115 Lard'
840 2050 1098 2116 Canon.
1142 2051 1417 2135 Ripon',
1457 2050 1740 2116 Warino
1779 2056 1946 2115 tunc
1983 2049 2238 2115 balliuo
2277 2048 2553 2131 Ripon’,
2596 2046 2825 2111 Rob’o

595 2154 965 2239 Capellano
1054 2154 1330 2238 Ripon',
1421 2154 1650 2218 Will'o
1736 2154 1821 2219 de
1909 2153 2257 2236 Stodelay,
2348 2152 2648 2216 Will’mo
2737 2150 2825 2214 de

598 2258 1070 2343 Merkingfeld,
1116 2258 1360 2323 Petrus
1403 2259 1543 2341 (sic)
1590 2258 1676 2321 de
1714 2257 1953 2323 eadem
1994 2263 2062 2320 et
2103 2257 2270 2321 aliis

1132 2437 1305 2521 (125)
1362 2436 1474 2501 DE
1522 2454 1760 2501 TERRA
1811 2454 2285 2503 VICAmoRuM,

771 2553 974 2617 Omn.
1033 2554 1099 2617 h.
1157 2574 1281 2617 scr.
1340 2554 1877 2637 cyrograffatum
1932 2554 2059 2618 viS.
2116 2554 2224 2617 vel
2281 2553 2438 2618 aud.
2501 2552 2676 2617 Rob.
2735 2552 2824 2617 de

601 2656 1016 2732 Almanberi,
1073 2656 1219 2721 Ric.
1274 2656 1358 2720 de
1408 2656 1696 2741 Topclif,
1749 2658 1877 2722 Ad.
1933 2656 2080 2722 Nel.
2138 2657 2283 2722 Ric.
2337 2657 2421 2721 de
2474 2656 2822 2741 Bondgat,
2873 2707 2882 2715 .

596 2758 813 2824 Will’s
864 2760 947 2824 de
1000 2759 1342 2845 Bondgat’
1396 2767 1463 2825 et
1517 2760 1754 2843 Joh'es
1803 2761 1981 2826 filius
2030 2760 2316 2837 Galsrid,
2368 2761 2607 2825 vicarii
2657 2759 2819 2824 eccl.

599 2864 874 2949 Ripon',
912 2885 1007 2929 sa.
1050 2865 1117 2928 in
1156 2864 1338 2928 D’no
1371 2865 1883 2949 sempiternam.
1979 2863 2328 2930 Noueritis
2362 2885 2487 2929 nos
2522 2884 2711 2928 cone.
2751 2870 2822 2927 et

597 2968 686 3033 ad
743 2968 1019 3033 feodam
1075 2968 1345 3033 firmam
1402 2968 1736 3033 dimisisse
1794 2990 1872 3033 ac
1927 2989 2100 3053 pres.
2161 2989 2285 3033 scr.
2345 2975 2582 3033 nostro
2638 2967 2820 3032 conf.

598 3072 859 3137 Simoni
920 3071 1249 3137 Tanatori
1310 3072 1395 3135 de
1458 3072 1791 3156 Prestlay,
1854 3093 2065 3138 vnam
2126 3072 2288 3136 dim.
2355 3093 2584 3137 acram
2645 3078 2826 3135 terre

598 3196 757 3241 curn
794 3182 967 3260 pert.
1008 3176 1077 3239 in
1117 3175 1365 3260 Ripon'
1406 3195 1539 3259 que
1574 3175 1758 3258 jacet
1795 3176 1974 3240 inter
2007 3176 2194 3241 viam
2230 3196 2365 3260 que
2400 3196 2469 3240 se
2507 3176 2821 3240 extendit

600 3281 796 3345 iuxta
830 3300 1012 3344 noua
1051 3278 1446 3343 molendina
1484 3285 1553 3342 et
1604 3285 1857 3344 terram
1910 3279 2186 3344 Patricii
2235 3280 2320 3343 de
2371 3279 2704 3362 Prestlay,
2739 3285 2809 3343 et

597 3384 931 3448 abbuttat
993 3402 1211 3448 vnum
1270 3382 1497 3465 capud
1556 3402 1762 3466 super
1821 3389 2075 3447 terram
2125 3383 2420 3447 Simonis
2481 3384 2816 3458 Herman,

593 3506 805 3571 quam
847 3486 1127 3571 quidem
1171 3486 1334 3550 dim.
1373 3506 1603 3551 acram
1647 3492 1824 3551 terre
1865 3507 1989 3551 nos
2031 3488 2402 3552 habuimus
2443 3487 2628 3552 dono
2671 3486 2816 3551 d’ni

596 3588 774 3654 Will.
810 3589 872 3653 le
915 3590 1267 3655 Wawsor²
1308 3590 1664 3673 quondam
1698 3590 2020 3655 Canonici
2056 3590 2333 3674 Ripon',
2370 3592 2529 3656 hab.
2569 3597 2636 3655 et
2679 3596 2822 3655 ten.

595 3693 817 3758 eidem
851 3693 1110 3758 Simoni
1143 3700 1213 3758 et
1246 3695 1385 3758 her.
1421 3714 1472 3757 S.
1508 3694 1620 3757 vel
1652 3714 1785 3758 eor.
1823 3694 2069 3778 assign.
2105 3694 2334 3771 libere,
2369 3695 2509 3779 qui.
2547 3696 2720 3758 bene
2753 3701 2824 3758 et

595 3797 663 3861 in
710 3817 899 3881 pace,
946 3817 1105 3862 cum
1150 3798 1469 3862 omnibus
1515 3798 1760 3881 pertin.
1809 3818 1886 3873 S.‚
1933 3797 2371 3863 libertatibus
2416 3806 2485 3863 et
2532 3799 2820 3882 aysiam.

594 3901 664 3965 in
714 3920 901 3984 perp.
1000 3900 1219 3966 Redd.
1272 3901 1431 3966 inde
1479 3901 1842 3966 annuatim
1891 3902 2088 3966 nobis
2135 3908 2203 3966 et
2253 3922 2540 3967 success
2593 3924 2658 3967 n.
2715 3902 2820 3987 ijs.

593 4004 1097 4088 sterlingorum.
1161 4004 1301 4068 scil.
1368 4004 1647 4068 mediet.
1713 4004 1802 4070 ad
1867 4004 2061 4070 Pent.
2127 4012 2196 4070 et
2260 4006 2511 4071 medie·
2579 4007 2684 4090 (39
2726 4010 2816 4085 v.)

596 4112 815 4171 tatem
853 4106 942 4171 ad
978 4106 1024 4170 f.
1065 4105 1129 4171 S.
1172 4106 1259 4171 M.
1301 4107 1369 4170 in
1406 4108 1471 4171 h.
1512 4127 1637 4192 pro
1673 4127 1856 4173 omn.
1895 4128 2068 4173 serv,
2107 4110 2550 4185 secularibuS,
2588 4130 2819 4175 exacc.

593 4216 663 4273 et
713 4210 891 4273 dem.
945 4216 1014 4273 et
1064 4230 1188 4293 pro
1238 4230 1420 4275 omn.
1475 4211 1625 4275 aliis
1674 4211 1896 4275 rebus,
1993 4210 2135 4276 Nos
2182 4233 2348 4277 vero
2398 4220 2468 4278 et
2517 4234 2696 4278 succ.
2750 4235 2818 4278 n.

592 4312 780 4397 pred.
832 4318 1087 4376 terram
1135 4333 1289 4377 cum
1339 4320 1512 4396 pert.
1564 4314 1752 4397 pred.
1805 4314 2064 4380 Simoni
2112 4322 2180 4379 et
2230 4315 2368 4381 her.
2419 4336 2472 4381 s,
2525 4317 2632 4383 vel
2681 4337 2818 4383 eor.

736 4478 751 4501 ⁸
792 4474 1059 4525 Inserted.
1208 4480 1237 4523 ².
1268 4474 1503 4537 Writing
1531 4475 1768 4527 blurred.
