3217 5117
218 1631 491 1749 Ju¹riie901⁹5

232 3179 435 3298 ,1ἐὲἓοῖ
440 3247 491 3294 4.

584 475 716 560 296
1161 475 1318 540 Tun
1370 475 1682 542 INolLBY
1733 475 2224 542 Mmuscmpr.

581 654 753 739 hays
806 655 955 720 said
998 655 1259 720 Will⁸m
1284 669 1304 702 ¹
1354 655 1723 739 fenyschyt
1775 655 1882 720 his
1937 656 2164 720 warke
2217 661 2290 720 at
2343 655 2804 742 Byrdlington

582 759 737 824 that
784 760 949 825 then
998 771 1074 844 ye
1112 759 1263 826 said
1302 759 1563 824 willam
1604 760 1882 825 schalbe
1920 781 2060 846 gyn
2101 769 2184 822 wt
2225 761 2344 825 the
2383 760 2533 825 said
2573 761 2804 824 warke

581 863 719 929 and
760 871 837 928 to
877 865 1079 928 make
1120 863 1212 928 all
1256 877 1333 947 γε
1372 864 1529 928 hast
1570 873 1639 947 yt
1677 865 1766 928 he
1804 885 1934 930 can
1981 863 2345 948 possabille
2385 864 2458 928 of
2496 865 2616 929 the
2653 863 2802 928 said

580 969 788 1044 wark,
834 967 972 1032 and
1014 973 1091 1032 to
1132 969 1285 1032 thes
1326 967 1702 1033 comandez
1745 968 1894 1032 well
1937 968 2076 1033 and
2119 967 2364 1052 trowly
2409 973 2483 1034 to
2525 970 2611 1034 be
2653 988 2802 1052 per-

582 1071 845 1137 formed
899 1071 1038 1138 and
1092 1073 1308 1156 kepyt
1364 1072 1583 1137 either
1637 1073 1860 1156 partie
1915 1079 1991 1137 to
2044 1073 2254 1137 othur
2305 1074 2520 1138 hathe
2573 1073 2800 1138 bonde

582 1177 773 1242 them
810 1176 961 1242 selff
996 1177 1065 1241 in
1104 1181 1243 1240 tow
1274 1176 1718 1262 oblygacions
1751 1176 1888 1242 and
1920 1176 2141 1241 either
2173 1178 2364 1242 them
2409 1177 2482 1241 of
2518 1198 2562 1241 a
2607 1177 2677 1241 xl
2731 1177 2798 1241 li.

582 1281 653 1346 in
690 1281 931 1345 witnae
969 1281 1089 1345 her
1126 1281 1198 1345 of
1234 1280 1418 1345 eider
1454 1279 1677 1363 partie
1710 1287 1786 1344 to
1823 1281 2023 1346 other
2059 1282 2233 1364 hays
2264 1286 2442 1346 sette
2475 1282 2630 1346 ther
2659 1280 2799 1346 sell.

586 1479 703 1530 102
743 1486 805 1530 v.
1084 1458 1261 1540 (366)
1322 1459 1798 1542 (Nomination
1846 1459 1919 1524 of
1965 1482 2007 1524 a
2055 1460 2304 1544 Vicat).

760 1611 1145 1677 Venerabili
1230 1611 1551 1696 Capitulo
1636 1612 1819 1677 Eccl.
1907 1611 2070 1677 Coll.
2161 1613 2366 1678 S'cor.
2459 1613 2644 1678 Petri
2729 1618 2799 1677 et

584 1715 903 1800 Wylfridi
954 1716 1267 1800 Riponie,
1318 1715 1609 1781 Will'ms
1659 1717 2016 1792 Poteman,
2067 1715 2450 1782 Canonicus
2495 1717 2802 1782 eiusdem

584 1820 881 1885 Ecclesie
910 1827 981 1885 et
1014 1820 1513 1886 prebendarius
1546 1819 1897 1886 Prebende
1930 1821 2014 1885 de
2045 1821 2408 1905 Nunwyke
2437 1821 2506 1886 in
2537 1822 2802 1896 eadem,

583 1924 1053 1990 obedienciam
1103 1930 1174 1989 et
1224 1927 1684 1990 reuerenciam
1733 1945 1893 1991 cum
1943 1926 2220 1990 honore.
2313 1926 2424 1990 Ad
2472 1926 2806 1990 vicariam

581 2028 925 2115 prebende
1008 2029 1403 2114 supradicte
1486 2049 1607 2114 per
1691 2030 2224 2114 resignacionem
2305 2029 2450 2094 d’ni
2535 2029 2806 2113 Joh’nis

585 2133 897 2210 Persone,
930 2133 1157 2198 vltimi
1187 2133 1650 2199 incumbentis
1679 2135 1751 2199 in
1779 2134 2020 2199 eadem
2050 2141 2439 2210 vacantem,
2474 2135 2802 2199 dilectum

580 2237 787 2302 michi
845 2237 912 2303 in
972 2257 1112 2322 xpo
1168 2237 1360 2302 d’nm
1416 2237 1756 2303 Thomam
1817 2237 2288 2321 Brathwayte,
2347 2239 2798 2322 capellanum,

580 2347 806 2406 vestre
871 2342 1255 2408 reuerencie
1316 2348 1659 2426 present0,
1726 2341 2119 2426 supplicans
2181 2341 2513 2427 quatinus
2575 2343 2801 2426 ipsum

581 2444 771 2510 d'nm
817 2445 1157 2511 Thomam
1204 2445 1593 2520 admittere,
1644 2467 1724 2510 ac
1768 2446 1996 2529 ipsum
2041 2447 2110 2512 in
2157 2446 2398 2512 eadem
2444 2446 2802 2512 instituere

580 2555 943 2634 ceteraque
1012 2550 1237 2614 facere
1305 2571 1441 2635 que
1510 2550 1710 2614 vobis
1784 2550 2197 2616 incumbunt
2267 2550 2337 2615 in
2409 2551 2538 2615 hac
2607 2557 2803 2633 parte

580 2652 953 2739 dignemini
989 2675 1149 2719 cum
1186 2653 1441 2719 fauore.
1540 2655 1622 2718 In
1659 2673 1715 2718 c.
1757 2675 1806 2718 r.
1849 2660 1898 2719 t.
1939 2655 2060 2738 sig.
2101 2675 2191 2719 m.
2231 2655 2542 2739 apposui.
2636 2655 2798 2718 Dat.

582 2757 738 2843 xiij0
776 2757 886 2823 die
924 2758 1177 2824 mensis
1217 2757 1435 2841 Junij,
1477 2757 1681 2823 Anno
1721 2758 1882 2823 D'ni
1927 2758 2236 2824 Mill’imo
2274 2759 2802 2844 quadringente-

586 2863 761 2927 simo
798 2863 1259 2948 nonagesimo,

1087 3027 1263 3112 (367)
1322 3028 1738 3110 (Admission
1787 3029 1861 3094 of
1905 3029 2024 3093 the
2069 3030 2306 3112 same).

762 3169 1109 3234 Vniuersis
1166 3169 1309 3254 Xpi
1366 3169 1685 3234 fidelibus
1720 3176 1982 3260 pateat
2039 3189 2160 3254 per
2215 3175 2564 3254 presentes
2617 3169 2807 3254 quod

585 3293 710 3339 nos
754 3274 867 3339 Ca.
915 3273 1072 3339 eccl.
1121 3273 1283 3339 Coll.
1332 3275 1397 3339 b.
1445 3274 1745 3339 Wilfridi
1792 3273 2065 3359 Ripon’,
2113 3275 2320 3339 Ebor.
2368 3273 2568 3349 dioc„
2614 3273 2806 3339 d’nm

585 3377 925 3443 Thomam
962 3377 1411 3462 Brathwayte
1446 3379 1904 3462 presbiterum
1939 3379 2102 3443 dict.
2141 3378 2313 3444 dioc.
2353 3379 2444 3443 ad
2477 3377 2808 3443 vicariam

584 3482 1031 3548 canonicatus
1085 3490 1154 3546 et
1209 3482 1555 3566 prebende
1611 3482 1696 3547 de
1755 3481 2117 3567 Nunwyke
2173 3483 2241 3547 in
2289 3482 2573 3548 eccloeia
2618 3482 2807 3548 dicta

588 3587 835 3671 Ripon'
876 3606 998 3671 per
1033 3605 1155 3652 res.
1197 3585 1341 3651 d’ni
1379 3585 1604 3669 Joh’is
1643 3586 1936 3652 Persone
1973 3586 2200 3651 vltimi
2236 3585 2700 3652 incumbentis
2735 3586 2806 3650 in

580 3690 825 3755 ‘eadem
894 3696 1283 3764 vacantem,
1357 3697 1425 3755 et
1499 3690 1587 3754 ad
1661 3691 2250 3774 presentacionem
2312 3690 2465 3755 M'ri
2527 3689 2806 3755 Will’mi

587 3796 943 3870 Poteman,
998 3794 1306 3860 canonici
1361 3795 1544 3859 dicte
1596 3795 1877 3860 ecclesie
1927 3801 1997 3859 et
2049 3794 2482 3880 prebendarij
2540 3793 2808 3880 prefate

587 3899 929 3985 prebende
984 3899 1069 3964 de
1122 3898 1486 3982 Nunwyke
1533 3899 1601 3963 in
1659 3898 1899 3964 eadem
1955 3899 2098 3964 veri
2119 3911 2147 3941 2
2201 3899 2508 3964 eiusdem
2555 3898 2808 3964 vicarie

584 4003 880 4090 patroni,
932 4004 1259 4070 canonice
1306 4003 1765 4080 admissimus‚
1819 4025 1900 4069 ac
1947 4005 2174 4089 ipsum
2224 4003 2418 4070 d’nm
2467 4005 2806 4069 Thomam

587 4110 1035 4193 Brathwayte
1088 4113 1501 4194 perpetuum
1556 4108 1893 4174 vicarium
1949 4108 2018 4173 in
2073 4109 2296 4174 forma
2349 4108 2808 4174 ordinacionis

582 4233 788 4299 super
866 4213 1277 4278 admissione
1356 4212 1772 4277 vicariorum
1850 4212 2033 4277 dicte
2112 4212 2389 4277 ecclesie
2467 4212 2657 4277 edita
2735 4219 2806 4278 et

583 4322 869 4382 actenus
899 4317 1181 4392 vsitata,
1218 4336 1299 4380 ac
1331 4316 1547 4381 eciam
1580 4316 1651 4379 in
1692 4315 1914 4381 forma
1951 4315 2474 4382 constitucionis
2507 4316 2805 4402 legatine

726 4485 741 4508 ⁸
787 4486 817 4504 ··
837 4480 959 4529 said
999 4479 1242 4529 William
1264 4481 1295 4500 ”
1340 4480 1385 4527 is
1436 4478 1615 4527 either
1653 4479 2021 4541 parenthetic.
2065 4493 2128 4528 or
2177 4479 2222 4528 is
2273 4493 2344 4529 an
2387 4479 2798 4528 unintentional

580 4559 898 4623 repetition.

724 4655 744 4678 ²
780 4649 894 4699 MS.
923 4649 1023 4699 has
1052 4650 1283 4699 ’Ἵνα-03·
