3217 5117
1072 452 1267 516 Acrs
1316 470 1409 516 oF
1456 452 1838 517 CHAPTER.
2481 470 2514 511 2
2531 468 2552 511 1

349 626 608 691 Abbati
674 641 742 692 et
802 627 1177 691 conuentui
1246 626 1591 709 predictiS‚
1659 627 1778 709 qui
1843 639 2008 691 sunt
2060 640 2126 689 et
2180 637 2383 688 erunt
2439 644 2563 707 pro
2655 628 2986 689 ltisagreed

346 740 683 809 tempore,
722 724 835 789 die
868 725 1107 789 Sancti
1149 724 1515 789 Michaelis
1546 724 1845 807 aliisque
1877 724 2123 789 diebus
2172 726 2240 805 (9
2266 724 2362 803 v.)
2394 721 2560 786 anni
2593 694 2908 811 ἷζίῗὲὴζὲιῖῑ

344 824 653 909 singulis
709 824 775 887 in
830 824 1014 888 dicta
1068 824 1355 906 Capella
1413 823 1590 887 infra
1645 822 1820 887 fines
1874 838 1940 888 et
1995 824 2250 887 limites
2307 821 2564 905 prefate
2591 828 2794 876 audon
2821 840 2974 872 some

344 924 636 988 ecclesie
692 924 998 1008 Rypon'‚
1050 937 1121 986 vt
1169 923 1605 1006 premittitur,
1656 923 1930 995 situata,
1973 924 2172 987 liceat
2218 922 2563 987 celebrare
2592 890 2913 1018 ssssgegssffif

343 1038 409 1087 et
442 1023 668 1088 facere
716 1024 1045 1088 celebrari
1099 1036 1301 1106 prout
1348 1023 1449 1087 eis
1496 1023 1821 1106 expedire
1869 1023 2234 1097 videbitur,
2293 1042 2559 1085 necnon
2593 1024 2894 1133 ⁵¹¹‚³¹.³.b.⁵.¹yj

348 1124 594 1187 Abbas
660 1137 729 1187 et
804 1137 1193 1188 conuentus
1274 1124 1554 1206 predicti
1638 1124 2018 1207 percipient
2079 1138 2145 1188 et
2209 1124 2566 1186 habebunt
2593 1103 2943 1201 ἒῖζζῇζζζῑνε

344 1222 753 1287 oblaciones
858 1235 924 1286 et
1014 1222 1489 1286 obuenciones
1580 1243 2039 1305 quascunque
2129 1223 2214 1286 ad
2307 1222 2558 1285 dictam
2593 1217 2990 1271 theoblations,

346 1322 709 1405 Capellam
749 1322 1239 1406 prouenientes
1272 1321 1356 1384 ad
1396 1335 1797 1404 perpetuam
1827 1320 2100 1385 firmam
2127 1322 2212 1385 de
2239 1321 2565 1403 Capitulo

349 1436 787 1500 memorato;
849 1422 1236 1486 Reddendo
1293 1422 1453 1486 inde
1506 1422 1714 1486 annis
1768 1421 2074 1507 singulis
2132 1422 2198 1484 in
2257 1420 2560 1484 futurum
2597 1442 2960 1505 returningto

350 1523 661 1605 predicto
724 1523 1052 1605 Capitulo
1115 1522 1182 1584 in
1239 1521 1533 1585 ecclesia
1585 1521 1868 1605 Rypon‘
1921 1520 2225 1603 predicta
2274 1520 2340 1582 in
2395 1518 2567 1584 festo
2597 1508 2958 1623 {Zegthter

352 1622 831 1687 Exaltacionis
908 1624 1163 1687 Sancte
1240 1620 1483 1685 Crucis
1553 1621 1828 1685 racione
1890 1633 1957 1684 et
2022 1619 2304 1685 nomine
2369 1617 2566 1682 firme
2597 1608 2786 1704 y‘e‘an'

352 1722 675 1804 predicte,
715 1722 894 1787 duos
925 1722 1190 1787 solidos
1223 1736 1288 1785 et
1319 1743 1441 1786 sex
1489 1722 1816 1787 denarios
1863 1721 2360 1805 sterlingorum
2414 1720 2566 1783 sine
2661 1743 2783 1791 And
2809 1758 2879 1791 no

350 1822 655 1887 vlteriori
690 1823 1035 1887 dilacione
1069 1847 1082 1896 ;
1135 1821 1485 1907 Quodque
1523 1822 1759 1885 nullus
1787 1821 2210 1903 Capellanus
2245 1820 2351 1883 vel
2387 1819 2567 1882 alius
2597 1808 2980 1923 ἓῗζέἐὸῑὲῐῖἶω

347 1921 817 2004 quiscumque
854 1923 1135 1987 nomine
1169 1923 1275 1986 vel
1326 1944 1411 1987 ex
1463 1935 1653 2005 parte
1699 1922 1858 1986 dicti
1913 1921 2214 2005 Capituli
2268 1922 2335 1983 in
2387 1920 2568 1985 dicta
2598 1956 2666 1989 on
2695 1889 2964 1988 behpalf'of

350 2022 639 2104 capena
732 2022 842 2087 die
930 2022 1166 2087 saneti
1266 2022 1636 2087 Michaelis
1725 2022 1972 2086 aliisve
2061 2022 2308 2086 diebus
2399 2020 2566 2084 anni
2598 2004 2961 2119 ggglfggtgffies

348 2122 727 2186 celebrabit
817 2144 937 2186 seu
1033 2121 1234 2187 faciet
1318 2122 1673 2197 celebrari,
1767 2125 1871 2187 vel
1958 2122 2360 2186 oblaciones
2443 2144 2564 2186 seu
2599 2138 2755 2211 brata,
2780 2151 2844 2183 or

348 2222 829 2285 obuenciones
890 2222 975 2286 de
1036 2223 1295 2304 quibus
1357 2237 1422 2287 et
1488 2236 1692 2304 prout
1764 2222 2176 2305 premittitur
2241 2222 2569 2304 percipiet
2599 2200 3000 2316 ζξξξξζῗὶζῖῗὲξε

348 2320 714 2403 aliqualeS,
755 2334 858 2385 set
890 2321 1076 2403 quod
1116 2322 1360 2387 Abbas
1393 2336 1459 2387 et
1491 2336 1879 2387 conventus
1914 2322 2228 2405 prelibati
2269 2322 2334 2384 in
2387 2321 2569 2385 dicta
2598 2334 2754 2395 days.

351 2420 639 2502 Capella
726 2436 797 2483 vt
893 2422 1308 2503 premittitur
1396 2423 1603 2487 annis
1695 2422 2002 2506 singulis
2097 2422 2164 2483 in
2260 2421 2564 2484 futurum

350 2520 806 2585 celebrabunt
864 2534 931 2584 et
984 2519 1235 2586 facient
1282 2524 1608 2587 celebrari
1650 2547 1663 2597 ;
1731 2543 1998 2587 necnon
2056 2522 2458 2586 oblaciones
2506 2535 2571 2586 et

350 2618 827 2682 obuenciones
886 2620 1267 2703 percipient
1320 2635 1386 2685 et
1448 2622 1807 2685 habebunt
1863 2634 2301 2696 memoratas,
2367 2633 2571 2704 prout

349 2717 447 2781 eis
533 2717 887 2782 videbitur
969 2720 1341 2802 expedire3
1428 2721 1528 2784 lta
1606 2736 1835 2785 tamen
1915 2722 2104 2803 quod
2185 2722 2428 2785 Abbas
2504 2734 2570 2785 et
2667 2727 3000 2775 Yetsoihat

349 2830 745 2881 conuentus
782 2820 1141 2882 memorati
1175 2820 1293 2902 qui
1338 2834 1501 2884 sunt
1540 2833 1607 2885 et
1646 2834 1848 2884 erunt
1899 2842 2021 2903 pro
2069 2806 2399 2903 tempore,
2444 2841 2568 2884 nec
2597 2793 2908 2907 ssffiffxggey

348 2916 607 2999 aliquis
664 2916 971 2999 ipsorum
1035 2919 1337 2995 nomine,
1403 2919 1469 2982 in
1535 2919 1718 2983 dicta
1779 2920 2045 3002 capella
2107 2932 2559 2995 sacramenta,
2598 2924 2910 2986 nothingto

348 3017 906 3093 sacramentalia,
950 3018 1054 3081 vel
1090 3018 1279 3082 aliud
1320 3019 1696 3101 quicquam
1748 3019 1935 3101 quod
1987 3019 2053 3081 in
2110 3018 2562 3101 preiudicium
2596 2990 2974 3117 ῗῑζῗῇζῑξῗωω

348 3116 527 3181 dicte
575 3116 743 3180 eccl.
804 3115 1086 3201 Rypon'
1121 3118 1361 3181 cedere
1411 3118 1682 3201 poterit,
1731 3120 1835 3182 vel
1886 3118 2107 3183 eidem
2158 3118 2445 3183 ecclesie
2495 3118 2562 3179 in
2598 3122 2857 3183 Chapter,

348 3215 635 3299 Juribus
668 3217 817 3279 suis
852 3216 1368 3299 parochialibus
1400 3218 1784 3299 dampnum
1822 3218 2291 3300 quouismodo
2323 3216 2565 3281 afferre

350 3314 627 3391 facient,
720 3314 1234 3395 ministrabunt,
1318 3320 1758 3396 exercebunt,
1842 3317 2062 3395 faciet,
2148 3318 2566 3385 ministrabit
2593 3336 2802 3409 always

349 3415 747 3499 aliqualiter
778 3436 901 3479 seu
936 3418 1279 3481 exercebit
1311 3442 1325 3493 3
1378 3420 1593 3483 Salva
1628 3439 1902 3501 semper
1944 3418 2145 3482 dictis
2195 3418 2450 3483 Abbati
2501 3432 2566 3483 et
2597 3413 2793 3526 Ῠζιζὲξ
2815 3398 2996 3511 ffienffl

352 3515 730 3580 conuentui
768 3514 1089 3579 facultate
1118 3516 1361 3579 diuina
1407 3517 1475 3579 in
1524 3516 1708 3580 dicta
1742 3516 2029 3600 Capella
2059 3516 2451 3581 celebrandi
2502 3530 2569 3581 et
2597 3500 2773 3593 ‘rights
2797 3529 2974 3577 above

354 3614 648 3679 faciendi
714 3615 1082 3690 celebrare,
1149 3637 1229 3680 ac
1292 3617 1695 3681 oblaciones
1757 3632 1824 3681 et
1883 3617 2354 3681 obuenciones
2419 3637 2568 3699 per·
2598 3595 2899 3646 conceded.

354 3714 656 3798 cipiendi
693 3726 759 3777 et
792 3714 1117 3791 habendi,
1154 3729 1357 3798 prout
1381 3716 1707 3799 superius
1730 3729 1835 3781 est
1858 3738 2287 3799 expressum.
2391 3716 2478 3779 Et
2509 3716 2565 3780 si

354 3814 723 3898 contingat
752 3813 1011 3877 dictum
1047 3836 1362 3880 annuum
1398 3837 1684 3880 censum
1725 3817 2005 3880 nomine
2039 3816 2234 3880 firme
2271 3816 2569 3900 predicte
2599 3796 2998 3909 dififfgffi‘ggn,

356 3912 651 3978 duorum
711 3913 1093 3977 solidorum
1152 3928 1218 3978 et
1272 3937 1391 3979 sex
1448 3916 1889 3980 denariorum
1948 3938 1990 3979 a
2048 3932 2225 3980 retro
2277 3915 2570 3982 existere
2600 3928 2774 4005 cpded
2815 3934 2871 3973 ω
2909 3927 2997 3973 the

358 4034 476 4097 per
560 4026 719 4078 octo
797 4012 947 4077 dies
1032 4028 1189 4098 post
1269 4016 1573 4098 aliquem
1657 4016 2025 4081 terminum
2109 4031 2564 4081 memoratum
2599 3994 2858 4054 elaapter.

360 4112 791 4196 temporibus
870 4114 1267 4196 profuturis,
1356 4116 1636 4198 predicti
1722 4116 1964 4181 Abbas
2040 4130 2106 4180 et
2181 4130 2569 4181 conuentus

362 4215 603 4277 volunt
638 4227 707 4277 et
753 4214 1143 4279 concedunt
1191 4237 1315 4299 pro
1363 4238 1437 4280 se
1484 4230 1550 4280 et
1604 4217 2125 4281 successoribus
2172 4217 2342 4293 suis,
2381 4218 2569 4299 quod

360 4335 439 4377 ex
471 4330 638 4378 tunc
674 4317 849 4378 bene
886 4314 1085 4378 liceat
1120 4316 1443 4399 predictis
1483 4317 2002 4382 venerabilibus
2053 4316 2219 4381 viris
2266 4317 2570 4399 capitulo

361 4414 646 4478 ecclesie
682 4414 968 4499 Rypon'
1004 4428 1069 4478 et
1103 4415 1440 4480 ministris
1472 4418 1622 4482 suis
1657 4418 1724 4480 in
1769 4417 2080 4481 manerio
2111 4438 2234 4481 seu
2269 4418 2573 4501 grangia

360 4514 699 4577 dictorum
736 4513 1034 4579 Abbatis
1080 4528 1147 4580 et
1180 4514 1590 4581 Conuentus
1623 4518 1707 4580 de
1743 4519 1994 4585 Sutton
2033 4517 2222 4580 iuxta
2259 4516 2567 4600 Rypon',
