3217 5117
1081 448 1268 514 Acrs
1316 465 1407 514 oF
1453 447 1812 514 CHAPTER.
2435 458 2558 528 175

827 615 1013 713 (258)
1060 628 1471 712 (Certificate
1518 628 1589 693 oi
1636 627 2078 711 Admission).

519 746 869 811 Vniuersis
916 798 929 811 .
981 798 993 812 .
1042 745 1207 822 Nos,
1254 744 1650 829 Capitulum
1699 798 1711 810 .
1763 798 1776 810 .
1827 745 2162 809 Rob'tum
2207 744 2425 808 Merot
2469 742 2559 807 ad
2714 754 2862 803 1399-

347 850 674 916 vicariam
719 872 867 916 can.
919 850 1115 915 Preb.
1165 850 1248 914 de
1296 850 1609 914 Sharrow
1659 903 1671 914 .
1726 902 1739 915 .
1788 871 1853 934 p.
1905 869 2026 914 res
2077 849 2220 914 d'ni
2267 849 2422 931 Joh.
2475 847 2559 912 de
2684 810 2812 873 Apr.
2847 822 2892 857 ²⁸

347 956 663 1021 Fulforth
716 1008 729 1020 .
788 1008 799 1021 .
853 962 1219 1020 vacantem
1274 1007 1285 1022 .
1344 1006 1357 1019 .
1411 954 1835 1029 admisimuS,
1883 959 2018 1030 εἰσ..
2068 973 2144 1017 as
2189 952 2265 1017 in
2312 951 2441 1017 No.
2495 970 2554 1017 2.

348 1078 386 1124 2
425 1060 615 1144 Apr.,
659 1077 848 1143 1399.

352 1190 525 1273 (259)
598 1189 827 1272 (Form
859 1188 929 1253 of
961 1188 1165 1254 letter
1196 1188 1588 1273 presenting
1621 1210 1710 1253 an
1743 1189 2011 1273 acolyte
2045 1195 2120 1253 to
2154 1188 2270 1253 the
2305 1188 2562 1271 Bishop

432 1294 504 1357 of
537 1294 849 1359 Durham
896 1294 1003 1358 for
1048 1294 1489 1377 ordination).

478 1410 906 1476 ‘Venerabili
949 1409 1019 1474 in
1067 1431 1203 1495 xpo
1248 1410 1430 1495 patri
1477 1416 1545 1473 et
1593 1410 1778 1485 d'n0‚
1827 1409 1992 1474 d'no
2035 1410 2110 1475 T.
2161 1409 2290 1474 Dei
2331 1409 2559 1493 gracia
2715 1432 2865 1479 1407.

347 1515 788 1580 Dunelmensi
837 1516 1011 1599 ep’o,
1061 1516 1164 1579 sui
1215 1514 1503 1579 humiles
1551 1520 1621 1579 et
1670 1514 1904 1579 deuoti
1953 1513 2348 1598 Capitulum
2397 1513 2554 1578 eccl.
2588 1486 2982 1617 Eppifzinigciky.

346 1618 506 1685 Coll.
556 1620 854 1703 Rypon',
896 1619 1319 1684 reuerencias
1359 1626 1428 1683 et
1469 1619 1759 1683 honores
1799 1618 2069 1683 debitos
2109 1625 2311 1683 tanto
2351 1618 2554 1702 patri,

346 1721 447 1788 W.
476 1724 563 1788 de
590 1724 669 1787 Β.
700 1714 1065 1788 accolitum
1086 1729 1399 1788 nostrum
1421 1723 1601 1787 inter
1621 1743 1744 1787 nos
1764 1723 2030 1788 diucius
2049 1730 2554 1798 conuersatum,

345 1827 705 1912 diligenter
742 1848 947 1912 super
986 1827 1156 1904 vita,
1201 1828 1579 1902 literatura,
1627 1834 1696 1892 et
1738 1828 2042 1892 moribus
2084 1828 2556 1892 examinatum

343 1937 411 1996 et
470 1933 865 2016 probatum,
928 1931 1333 2016 paternitati
1392 1938 1620 1995 vestre
1680 1938 2173 2016 presentamus,
2239 1938 2556 2017 rogantes

344 2036 685 2101 attencius
720 2043 789 2099 et
826 2036 1074 2100 deuote
1109 2042 1453 2119 quatenus
1489 2036 1755 2101 dictum
1790 2036 2108 2102 clericum
2145 2036 2234 2101 ad
2270 2037 2556 2101 titulum

343 2146 411 2204 et
460 2141 1046 2225 presentacionem
1098 2146 1407 2205 nostram
1458 2141 1545 2205 ad
1598 2161 1834 2205 omnes
1883 2141 2236 2206 vlteriores
2286 2141 2557 2205 ordines

344 2265 469 2328 pro
508 2251 589 2308 vt
632 2245 885 2329 gradus
929 2246 1139 2328 ipsius
1182 2244 1393 2329 exigit
1438 2250 1507 2309 et
1552 2245 1836 2329 requirit
1881 2266 2001 2329 per
2042 2246 2556 2329 imposicionem

342 2355 729 2414 vestrarum
780 2369 1128 2413 sacrarum
1180 2369 1512 2413 manuum
1565 2369 1966 2433 promouere
2018 2350 2244 2435 velitis
2295 2350 2556 2414 intuitu

340 2452 673 2517 caritatis
768 2453 1011 2517 Valeat
1056 2454 1437 2537 paternitas
1482 2462 1714 2518 vestra
1758 2474 1879 2537 per
1922 2460 2234 2538 tempora
2277 2454 2347 2518 in
2392 2454 2556 2519 d'no

341 2556 629 2649 feliciter
657 2558 1059 2622 successiua.
1158 2558 1237 2620 In
1270 2578 1328 2621 0.
1365 2578 1415 2621 r.
1454 2566 1503 2622 t.
1540 2558 1660 2642 sig.
1700 2579 1764 2622 n.
1803 2578 1974 2641 pres,
2012 2565 2115 2624 est
2149 2579 2550 2643 appensum.

341 2662 502 2727 Dat.
540 2662 609 2726 in
642 2662 850 2725 domo
880 2662 1030 2726 n'ra
1062 2661 1438 2746 Capitulari
1470 2662 1737 2726 decimo
1770 2662 1878 2726 die
1911 2663 2161 2727 mensis
2195 2664 2550 2729 Decembr.

338 2765 744 2847 Anno—D'ni
784 2765 1067 2830 Mill'mo
1106 2774 1334 2830 ccccmo
1372 2766 1686 2850 septimo,

345 2894 519 2977 (260)
567 2894 646 2978 (F
651 2914 797 2958 orm
832 2894 903 2957 of
948 2894 1206 2959 similar
1238 2896 1442 2959 letter
1476 2902 1550 2959 to
1584 2896 1704 2960 the
1739 2896 2040 2981 Chapter
2072 2898 2143 2962 of
2190 2898 2380 2963 York
2415 2898 2559 2963 sede

426 3002 743 3083 vacante).
2382 3056 2388 3061 .

515 3103 1035 3168 Venerabilibus
1098 3104 1262 3168 viris
1327 3103 1647 3188 Capitulo
1711 3106 1868 3170 eccl.
1938 3106 2030 3170 b'i
2098 3107 2281 3172 Petri
2347 3109 2553 3173 Ebor.
2713 3130 2862 3178 ¹407,

341 3207 620 3271 Decano
648 3207 950 3271 eiusdem
981 3208 1049 3272 in
1080 3208 1357 3272 remotis
1387 3215 1653 3293 agente,
1687 3230 1766 3273 ac
1793 3210 1951 3275 sede
1980 3211 2556 3297 Archiepiscopali
2683 3184 2812 3234 Dec.
2851 3198 2890 3233 ¹·

340 3312 645 3376 eiusdem
677 3318 992 3387 vacante,
1027 3313 1237 3377 vestri
1272 3313 1562 3377 humiles
1594 3320 1662 3377 et
1697 3313 1931 3378 deuoti
1966 3314 2363 3399 Capitulum
2395 3317 2553 3382 eccl.

341 3414 587 3501 Colleg.
665 3415 939 3500 Ripon',
1011 3417 1501 3493 obedienciam,
1574 3420 2057 3496 reuerenciam,
2129 3426 2199 3485 et
2269 3422 2558 3486 honores

340 3519 611 3585 debitos
674 3521 890 3585 tantis
952 3520 1135 3597 viris,
1202 3520 1529 3586 dilectum
1591 3528 1908 3588 nostrum
1970 3524 2038 3588 in
2103 3546 2240 3609 xpo
2303 3526 2557 3593 Will'm

343 3622 691 3699 Marchall,
740 3624 1127 3701 accolitum,
1176 3625 1493 3690 clericum
1542 3632 1854 3691 nostrum
1899 3627 2079 3696 inter
2122 3650 2247 3694 nos
2292 3630 2557 3697 diucius

342 3734 848 3803 conuersatum,
891 3728 1251 3813 diligenter
1289 3750 1492 3813 super
1522 3730 1692 3806 vita,
1727 3731 2106 3810 literatura,
2142 3740 2211 3798 et
2252 3736 2557 3801 moribus

342 3832 817 3897 examinatum
862 3840 930 3896 et
978 3834 1462 3917 approbatum,
1510 3834 1970 3900 dominacioni
2016 3846 2242 3903 vestre
2289 3860 2557 3922 presen-

344 3943 521 4012 tant,
600 3942 918 4021 rogantes
993 3938 1335 4002 attencius
1408 3944 1477 4002 et
1552 3939 1803 4003 deuote
1876 3950 2220 4025 quatenus
2294 3944 2557 4010 dictum

342 4040 661 4105 clericum
696 4041 784 4105 ad
818 4040 1101 4106 titulum
1135 4048 1204 4106 et
1238 4043 1825 4126 presentacionem
1857 4051 2167 4111 nostram
2201 4048 2288 4112 ad
2323 4070 2559 4115 omnes

342 4165 568 4210 sacros
630 4144 900 4209 ordines
961 4165 1085 4229 pro
1145 4153 1224 4210 ut
1285 4147 1537 4231 gradus
1597 4148 1811 4231 ipsius
1871 4150 2081 4235 exigit
2143 4159 2212 4215 et
2275 4155 2558 4239 requirit

342 4248 729 4333 promoueri
775 4249 1002 4313 velitis
1046 4249 1307 4314 intuitu
1352 4250 1680 4315 caritatis.
1777 4252 2021 4317 Valeat
2066 4261 2298 4321 vestra
2342 4258 2558 4323 domi-

341 4354 539 4419 nacio
576 4353 969 4418 veneranda
1004 4374 1125 4437 per
1158 4361 1472 4438 tempora
1509 4355 1796 4420 feliciter
1830 4357 1897 4421 in
1937 4359 2118 4424 D’no
2153 4363 2555 4429 successiua.

346 4458 426 4524 In
469 4479 526 4523 0.
573 4478 625 4522 r.
675 4464 725 4522 t.
772 4458 892 4542 sig.
950 4479 1015 4522 n.
1068 4478 1241 4542 preS.
1284 4464 1387 4522 est
1426 4477 1828 4543 appensum.
1924 4462 2086 4527 Dat.
2135 4464 2205 4527 in
2255 4466 2364 4531 do,
2411 4468 2560 4532 n'ra

343 4562 710 4646 capitulari
759 4561 981 4645 primo
1028 4562 1137 4626 die
1186 4582 1395 4629 mens.
1444 4562 1768 4631 Decemb.
1812 4564 2016 4631 Anno
2065 4567 2225 4632 D'ni
2275 4570 2560 4636 Mill'mo

345 4676 575 4735 cccc¹¹²⁰
610 4665 928 4753 septimo,
