3217 5117
572 438 659 505 74
1152 424 1210 490 T
1213 443 1311 490 HE
1361 424 2216 491 INGILBY·MANUSCR1PT.

567 600 706 677 fall,
754 624 888 687 que
935 604 1296 670 ambulant
1342 626 1548 690 super
1592 605 2082 671 Sedmerholm.
2179 606 2271 669 Et
2319 605 2388 669 in
2434 604 2788 671 occidente

564 703 649 770 de
704 706 1066 773 Pikcchow
1118 730 1258 775 vna
1312 709 1483 776 roda
1534 716 1603 775 et
1659 709 1749 776 di.
1807 716 1878 775 et
1931 709 2000 794 xj
2062 709 2181 775 fajl
2234 716 2305 774 et
2358 709 2448 774 di.
2569 709 2663 774 Et
2714 709 2786 773 in

563 810 915 877 occidente
952 812 1062 877 vie
1103 812 1207 896 (34
1245 816 1335 896 ν.)
1380 814 1729 880 tendentis
1771 835 1989 899 vsque
2027 815 2116 881 ad
2152 814 2404 899 Thorp,
2444 835 2585 879 vna
2619 812 2788 879 roda

559 922 864 999 quatuor
906 917 1025 982 fall
1070 918 1299 984 minus
1342 925 1411 984 et
1458 941 1599 985 vna
1641 919 1810 985 roda
1855 926 1924 983 et
1970 941 2015 984 x
2061 919 2180 984 fall
2223 939 2360 1004 que
2403 919 2787 985 abbuttant

558 1040 763 1104 super
804 1022 1066 1088 curiam
1112 1022 1287 1089 Rad.
1337 1024 1421 1089 de
1464 1025 1719 1109 Thorp,
1766 1030 1836 1089 et
1879 1024 2136 1089 ibidem
2180 1045 2221 1089 a
2263 1024 2381 1089 via
2422 1022 2508 1088 de
2551 1023 2786 1107 Thorp

557 1144 795 1191 versus
838 1125 1239 1209 Grymkilne
1283 1127 1303 1212 j
1356 1128 1498 1193 rod.
1546 1128 1706 1213 iiijor
1754 1128 1872 1194 fall
1918 1128 2165 1193 minus.
2292 1128 2384 1192 Et
2429 1127 2450 1211 j
2501 1126 2670 1192 roda
2712 1132 2786 1191 et

558 1228 793 1294 dimid.
845 1251 980 1315 que
1028 1232 1382 1316 protendit
1436 1253 1674 1299 versus
1728 1233 2028 1299 croftum
2077 1232 2259 1318 Hug’
2313 1231 2402 1295 fil.
2458 1231 2640 1317 Hug’
2693 1230 2779 1296 de

555 1332 807 1419 Thorp.
904 1335 998 1400 Et
1042 1336 1229 1421 apud
1272 1336 1762 1422 Wythepottes
1803 1337 1874 1402 in
1918 1358 2057 1402 vno
2098 1337 2248 1401 loco
2290 1335 2310 1420 j
2361 1336 2531 1401 roda
2572 1341 2642 1400 et
2685 1356 2781 1399 xv

555 1436 694 1503 fall.
792 1438 971 1506 Item
1034 1440 1288 1507 ibidem
1348 1462 1586 1507 versus
1649 1448 1962 1507 austrum
2021 1441 2041 1525 j
2109 1441 2279 1506 roda
2338 1447 2407 1506 et
2470 1440 2776 1505 dimidia.

556 1542 737 1607 Item
784 1545 971 1628 apud
1017 1544 1507 1631 Wythepottes
1555 1546 1791 1611 dimid.
1844 1567 2075 1612 acram
2127 1546 2268 1631 (sic)
2323 1551 2392 1609 et
2440 1543 2580 1628 xvij
2635 1543 2776 1614 fall.

556 1647 737 1712 Item
784 1648 1039 1714 ibidem
1087 1671 1227 1715 vna
1275 1672 1432 1716 acra
1481 1656 1549 1715 et
1598 1650 1740 1735 xvij
1797 1650 1934 1716 fall.
2033 1650 2212 1715 Item
2261 1649 2518 1714 ibidem
2564 1668 2778 1733 prope

553 1752 740 1817 viam
780 1753 865 1818 de
906 1753 1274 1840 Brigheud,
1317 1755 1406 1820 di.
1452 1776 1683 1821 acram
1728 1755 1869 1839 (sic)
1916 1762 1987 1820 et
2026 1754 2182 1839 iiij0f
2230 1754 2348 1820 fall
2387 1760 2458 1818 et
2496 1752 2587 1818 di.
2683 1753 2777 1817 Et

554 1862 785 1923 totum
819 1866 1099 1943 pratum
1132 1880 1364 1926 meum
1400 1859 1588 1944 apud
1626 1859 1973 1935 Randker,
2012 1859 2195 1925 Hab.
2235 1864 2306 1923 et
2342 1864 2481 1924 ten.
2521 1856 2650 1922 eid.
2689 1856 2771 1923 G.

553 1967 623 2025 et
675 1982 727 2028 s,
785 1963 1031 2049 assign.
1090 1964 1157 2029 in
1212 1970 1649 2049 perpetuum,
1701 1964 1768 2030 li.
1826 1970 1894 2028 et
1949 1964 2114 2049 qui..
2171 1962 2562 2037 honorifice,
2616 1982 2774 2027 cum

552 2086 735 2132 omn.
765 2074 938 2151 pert.
969 2075 1038 2134 et
1064 2068 1180 2134 lib.
1210 2090 1261 2134 s,
1359 2068 1741 2135 Reddendo
1765 2068 1925 2134 inde
1951 2067 2314 2134 annuatim
2339 2068 2504 2132 d'no
2530 2065 2777 2132 Nich’o

551 2171 635 2236 de
674 2172 943 2256 Hewyk
980 2180 1050 2237 et
1086 2174 1225 2247 her.
1266 2195 1317 2239 S.
1360 2174 1473 2239 xd.
1512 2174 1602 2240 ad
1640 2174 1685 2239 f.
1724 2173 1788 2238 S.
1825 2174 1915 2238 M.
1952 2179 2022 2237 et
2058 2172 2374 2238 faciendo
2409 2170 2774 2236 seruicium

554 2276 960 2342 forinsecum
990 2285 1336 2362 quantum
1364 2279 1666 2363 pertinet
1697 2277 1786 2344 ad
1816 2277 2176 2343 dimidiam
2207 2278 2539 2342 bouatam
2571 2283 2770 2350 terre,

550 2380 731 2446 vnde
782 2379 899 2465 xxj
958 2388 1278 2448 carucate
1331 2389 1508 2447 terre
1561 2382 1841 2448 feodum
1893 2382 2096 2447 vnius
2146 2382 2405 2447 militis,
2501 2380 2595 2445 Et
2647 2400 2773 2466 ego

547 2491 618 2550 et
668 2487 806 2552 her.
861 2509 949 2554 m.
1004 2508 1185 2553 omn.
1239 2488 1428 2572 pred.
1483 2487 1814 2572 parcellas
1863 2494 2200 2553 terrarum
2256 2488 2438 2570 (cum
2486 2506 2538 2550 s,
2593 2490 2767 2570 pert.

547 2592 734 2675 pred.
770 2592 851 2658 G.
888 2599 958 2657 et
990 2613 1171 2658 omn.
1209 2593 1455 2678 assign.
1484 2594 1563 2677 S.)
1594 2604 1616 2635 ¹
1650 2612 1809 2657 war.
1846 2598 1916 2656 et
1949 2591 2081 2656 def.
2111 2611 2236 2676 pro
2267 2590 2456 2676 pred.
2484 2588 2771 2655 seruicio

546 2702 788 2762 contra
843 2718 1024 2762 omn.
1084 2698 1267 2762 horn.
1328 2697 1397 2761 in
1454 2702 1886 2782 perpetuum.
1985 2696 2066 2761 In
2121 2696 2326 2762 huius
2381 2700 2616 2761 autem
2675 2693 2767 2758 rei

544 2802 754 2867 robur
788 2808 859 2867 et
897 2807 1053 2868 test.
1096 2802 1255 2867 huic
1291 2821 1415 2867 scr.
1457 2802 1577 2887 sig.
1619 2822 1710 2867 1n.
1753 2801 2062 2886 apposui.
2159 2800 2311 2865 Hiis
2349 2799 2698 2865 testibus.2

879 2971 1054 3056 (107)
1108 2970 1350 3037 CARTA
1399 2988 1496 3035 DE
1544 2986 1830 3036 LUMINE
1878 2986 2114 3034 BEATE
2163 2968 2428 3034 MARIE.

713 3111 915 3177 Vniu.
970 3112 1090 3195 xpi
1139 3111 1253 3176 fid.
1308 3110 1399 3176 ad
1445 3131 1622 3195 quos
1670 3130 1770 3195 pr.
1823 3130 1948 3175 scr.
2001 3108 2412 3194 peruenerit,
2467 3107 2766 3172 Rob’tus

538 3216 991 3301 Dispensator
1020 3217 1104 3280 de
1132 3216 1408 3300 Ripon'‚
1437 3236 1532 3281 sa.
1562 3215 1632 3280 in
1659 3215 1842 3281 D’no
1867 3214 2378 3299 sempiternam.
2473 3211 2535 3277 N
2540 3211 2763 3278 ouerit

535 3321 948 3387 vniuersitas
1014 3328 1247 3387 vestra
1310 3341 1421 3385 me
1488 3319 1642 3385 ded.
1713 3340 1839 3404 pro
1903 3340 1999 3384 sa.
2071 3340 2180 3384 an.
2251 3338 2340 3383 m.
2413 3324 2482 3381 et
2549 3318 2757 3384 anim.

533 3432 939 3491 antecessor.
989 3446 1197 3491 meor.
1247 3424 1566 3491 luminari
1612 3424 1718 3489 be.
1770 3423 1979 3489 Marie
2025 3424 2094 3487 in
2140 3422 2322 3487 Eccl.
2371 3421 2457 3485 de
2505 3422 2755 3506 Ripon'

533 3530 700 3615 xijd.
744 3531 954 3596 annui
995 3530 1327 3605 redditus,
1367 3550 1542 3615 quos
1581 3529 1857 3594 Elienor
1893 3527 2034 3593 filia
2071 3548 2225 3592 mea
2261 3526 2504 3591 reddet
2542 3547 2759 3592 annu-

534 3635 705 3701 atim
763 3655 888 3721 pro
948 3642 1130 3701 terra
1186 3655 1398 3719 quam
1456 3634 1516 3698 ei
1576 3633 1754 3698 dedi.
1850 3631 2022 3696 Volo
2081 3638 2151 3695 et
2207 3630 2509 3696 concedo
2565 3631 2754 3715 quod

530 3740 851 3806 custodes
911 3740 1124 3805 eiusd.
1189 3738 1466 3805 luminis
1526 3737 1710 3802 licite
1770 3736 2187 3821 quicumque
2249 3735 2505 3801 fuerint
2566 3735 2751 3800 illam

533 3850 786 3911 terram
825 3844 1091 3930 possint
1132 3843 1535 3929 restringere
1574 3862 1700 3927 pro
1737 3841 1937 3906 firma
1974 3841 2030 3905 si
2069 3841 2138 3905 in
2172 3840 2404 3925 aliquo
2444 3846 2753 3924 tempore

531 3949 873 4014 defecerit.
969 3948 1063 4013 Vt
1101 3955 1336 4014 autem
1369 3947 1495 4011 hec
1529 3967 1684 4012 mea
1719 3946 2008 4012 donacio
2042 3952 2198 4011 rata
2229 3946 2321 4009 sit
2356 3951 2426 4009 et
2459 3945 2750 4021 stabilis,

530 4074 629 4137 pr.
665 4074 788 4118 scr.
824 4054 945 4139 sig.
981 4074 1071 4117 m.
1108 4052 1551 4136 impressione
1583 4051 1922 4116 roboraui.
2020 4050 2106 4115 H.
2144 4056 2194 4114 t.
2233 4049 2492 4135 Mag’ro
2523 4049 2751 4115 Will’o

528 4157 859 4244 Wigwan,
925 4157 1151 4222 Will'o
1213 4156 1297 4221 de
1360 4156 1740 4230 Thomton,
1806 4160 1974 4219 tunc
2034 4154 2312 4231 balliu0,
2339 4140 2348 4151 ⁵
2376 4154 2603 4220 Will’o
2665 4155 2750 4220 de

530 4262 869 4338 Bokland,
933 4261 1179 4327 Nich'o
1242 4261 1571 4337 Bernard‚
1637 4259 1887 4344 Joh'ne
1949 4258 2032 4323 de
2095 4260 2327 4336 Ebot„
2391 4258 2599 4325 Walt’
2663 4260 2749 4324 de

527 4367 865 4453 Westgat,
906 4372 975 4431 et
1014 4366 1182 4431 aliis

670 4523 683 4545 ¹
726 4518 1011 4583 Repeated
1038 4516 1092 4566 in
1120 4482 1258 4565 MSJ
1381 4520 1401 4545 ²
1438 4515 1525 4566 No
1552 4528 1741 4564 names
1767 4514 2010 4564 entered.
