3217 5117
227 1290 458 1340 c.1233.

207 2224 466 2288 Geofl'rey

151 2290 534 2355 Plantagenet.

231 3391 462 3441 c.1233.

557 459 644 539 64
1111 456 1280 521 Tne
1331 458 1643 523 INGILBY
1698 458 2222 522 Manuscmpr.

563 634 782 708 Morn,
840 634 1090 717 Joh'ne
1138 634 1356 711 fabr0,
1409 635 1669 700 Rob'to
1719 635 2154 710 Brokenban,
2206 633 2465 699 Rob'to
2513 635 2779 717 SoreyS,

565 738 712 803 Ric'
788 740 1014 815 Huck‚
1086 739 1314 805 Will'o
1385 741 1651 825 Soreys‚
1726 740 1899 824 Rog.
1974 739 2289 823 Saynter,
2362 740 2628 805 Thoma
2696 739 2781 803 de

563 844 946 921 Lowthian,
972 845 1246 910 Simone
1268 846 1629 920 seruiente,
1654 843 1881 908 Will'o
1901 843 2156 919 Andre,
2183 843 2330 908 Ric.
2356 843 2779 926 Carpentar’,

565 947 736 1033 Rog.
777 948 995 1026 fabr0,
1036 949 1258 1014 Adam
1299 949 1506 1034 Pogg,
1546 949 1813 1013 Thoma
1848 967 2034 1023 coco,
2074 952 2143 1011 et
2182 946 2330 1011 aliis
2367 946 2622 1011 multiS.

1359 1128 1490 1212 (89)
1545 1129 1658 1193 DE
1708 1144 1985 1192 EODEM.

737 1270 940 1336 Omn.
981 1270 1046 1336 S.
1076 1270 1166 1336 M.
1195 1290 1251 1336 e.
1288 1270 1444 1335 filiis
1477 1270 1734 1335 humile
1766 1267 2163 1353 Capitulum
2201 1268 2333 1333 S'ci
2368 1268 2663 1333 Wilfridi
2698 1268 2782 1333 de

565 1375 816 1459 Ripon'
865 1396 963 1441 sa.
1000 1382 1306 1441 eternam
1347 1375 1416 1441 in
1459 1376 1659 1440 D’no,
1742 1373 1845 1439 Sc.
1882 1394 2007 1439 nos
2056 1373 2146 1439 ad
2195 1374 2783 1457 presentacionem

563 1480 794 1544 dilecti
821 1480 1053 1546 fratris
1077 1488 1148 1545 et
1175 1480 1337 1545 Can.
1374 1481 1479 1562 (29
1504 1483 1597 1561 v.)
1630 1479 1850 1544 nostri
1875 1478 2087 1544 Galfr.
2118 1478 2203 1543 de
2232 1477 2438 1543 Lard’
2468 1478 2782 1544 ordinare

563 1584 800 1649 fecisse
836 1585 1202 1670 Hugonem
1239 1584 1322 1649 de
1359 1584 1669 1667 Makisey
1706 1584 2072 1649 diaconum
2108 1603 2313 1648 suum
2348 1583 2439 1649 ad
2474 1583 2781 1648 ordinem

563 1689 1060 1773 presbiteratus
1099 1694 1170 1753 et
1212 1689 1301 1754 ad
1343 1696 1748 1774 perpetuam
1792 1688 2189 1754 Cantariam
2230 1688 2300 1753 in
2342 1689 2501 1753 eccl.
2546 1694 2783 1754 nostra

563 1793 648 1857 de
688 1792 939 1878 Ripon'
981 1793 1071 1859 ad
1110 1794 1326 1859 altare
1365 1793 1496 1858 S'ci
1535 1793 1827 1869 Andree,
1868 1813 2028 1858 cum
2065 1813 2135 1857 se
2175 1794 2346 1858 bene
2385 1799 2453 1857 et
2493 1793 2785 1859 fideliter

563 1918 722 1982 erga
769 1918 894 1962 nos
939 1898 1242 1983 gesserit,
1293 1898 1422 1963 hoc
1469 1897 1678 1963 modo
1724 1897 1913 1982 quod
1961 1917 2083 1982 per
2128 1918 2198 1961 se
2247 1898 2351 1962 vel
2404 1918 2526 1983 per
2572 1898 2782 1964 alium

563 2008 1072 2086 competentem
1113 2002 1557 2086 Capellanum
1598 2002 1973 2067 celebrabit
2012 2002 2265 2067 cotidie
2303 2002 2585 2069 missam
2624 2024 2781 2068 cum

565 2106 850 2191 placebo
883 2112 951 2171 et
983 2106 1195 2193 dirige
1229 2114 1298 2172 et
1330 2106 1933 2172 commendacione
1966 2107 2192 2172 anime
2225 2107 2314 2172 ad
2348 2108 2537 2192 pred.
2567 2108 2783 2174 altare

563 2230 690 2293 pro
733 2210 1096 2276 animabus
1139 2210 1350 2276 Galfr.
1401 2211 1714 2295 Archiep.
1763 2216 1833 2275 et
1875 2211 2105 2288 Will'i,
2153 2211 2420 2297 Nigelli,
2470 2212 2666 2298 Rog’,
2712 2218 2783 2277 et

565 2314 722 2379 d’ne
753 2314 1037 2381 Matilde
1067 2315 1152 2380 de
1183 2316 1520 2399 Moubray
1550 2322 1620 2380 et
1652 2322 2159 2381 antecessorum
2190 2323 2260 2381 et
2290 2338 2469 2382 succ.
2502 2338 2781 2383 suorum

564 2426 634 2483 et
669 2440 850 2484 omn.
890 2418 1192 2485 fidelium
1229 2420 1532 2485 defunct.
1573 2421 1643 2485 in
1678 2440 1892 2506 perp„
1930 2426 1999 2485 et
2035 2420 2222 2504 pred.
2263 2421 2470 2507 Hugo
2502 2422 2780 2506 recipiet

563 2524 909 2609 stipendia
943 2546 1089 2601 sua,
1127 2525 1266 2590 scil.
1307 2531 1445 2589 tres
1479 2546 1746 2591 marcas
1782 2526 2143 2590 annuatim
2179 2526 2264 2590 de
2298 2524 2526 2594 Will'o
2561 2525 2781 2613 Gaugi

565 2635 634 2693 et
676 2628 902 2694 hered.
948 2629 1055 2694 vel
1099 2628 1343 2713 assign.
1389 2650 1439 2693 S.
1486 2629 1570 2693 de
1613 2630 1809 2695 terris
1850 2636 1920 2694 et
1962 2629 2345 2696 redditibus
2384 2652 2559 2716 quos
2599 2632 2780 2696 idem

565 2731 776 2797 Galfr.
819 2733 908 2798 ad
945 2734 1075 2797 hoc
1113 2733 1304 2797 dedit
1341 2739 1413 2797 et
1451 2733 1827 2818 assignauit
1866 2735 2051 2819 pred.
2094 2734 2323 2799 Will'o
2360 2734 2581 2822 Gaugi
2618 2742 2688 2801 et
2724 2756 2776 2801 s,

566 2836 810 2921 assign.
863 2836 931 2901 in
983 2836 1338 2902 territoriis
1385 2837 1469 2901 de
1517 2836 1914 2923 Winkeslay
1962 2846 2030 2903 et
2078 2839 2163 2905 de
2212 2839 2484 2924 Ripon'.
2580 2840 2781 2905 Teste

565 2940 905 3025 CapitulO,
986 2940 1212 3006 Adam
1280 2942 1512 3017 Ward,
1581 2941 1881 3008 Will'mo
1962 2944 2239 3019 Deserd,
2322 2944 2621 3010 Will’mo
2698 2946 2782 3009 de

566 3044 916 3129 Stodelay,
955 3053 1021 3110 et
1061 3046 1296 3111 multis
1335 3047 1502 3112 aliis,

1035 3226 1167 3309 (90)
1221 3226 1462 3290 CARTA
1509 3225 1588 3291 G.
1645 3242 1739 3289 DE
1788 3226 2016 3291 LARD'
2067 3244 2162 3291 DE
2212 3244 2487 3293 EODEM.

742 3366 844 3432 Sc,
883 3387 981 3451 pr.
1021 3374 1089 3431 et
1125 3367 1252 3432 fut.
1290 3368 1478 3452 quod
1511 3389 1637 3453 ego
1671 3367 1847 3433 Galf.
1886 3368 1971 3433 de
2006 3369 2207 3434 Lard'
2246 3370 2424 3445 dedi,
2460 3392 2675 3447 cone„
2710 3378 2781 3435 et

565 3472 630 3536 h.
671 3492 736 3555 p.
776 3493 832 3535 c.
872 3469 1048 3535 conf.
1089 3470 1316 3536 Will'o
1352 3471 1440 3537 fil.
1482 3472 1816 3537 Cristiane
1852 3472 1936 3537 de
1975 3472 2224 3557 Ripon'
2265 3480 2490 3539 totam
2528 3481 2782 3540 terram

563 3596 768 3660 super
801 3576 1065 3659 Speltre
1098 3596 1308 3661 quam
1344 3578 1535 3642 tenui
1569 3577 1657 3641 de
1692 3576 1941 3659 Joh’ne
1976 3576 2060 3641 de
2095 3576 2384 3654 Lanum,
2422 3585 2492 3643 et
2528 3578 2781 3644 ibidem

563 3678 918 3745 dimidiam
981 3700 1210 3745 acram
1269 3699 1481 3764 quam
1541 3680 1779 3745 Nich's
1838 3679 1923 3745 de
1984 3681 2248 3757 Hewik,
2310 3682 2525 3759 mileS,
2588 3684 2781 3749 dedit

561 3783 818 3850 fabrice
877 3784 1035 3849 eccl.
1102 3784 1352 3869 Ripon,
1417 3792 1554 3851 ten.
1619 3790 1687 3851 et
1749 3785 1907 3849 hab.
1971 3785 2157 3869 pred.
2220 3786 2449 3852 Will'o
2508 3798 2578 3853 et
2636 3790 2781 3855 eius

561 3890 807 3975 assign.
855 3889 995 3953 scil.
1045 3889 1430 3973 Capellanis
1474 3890 2019 3959 deseruientibus
2063 3894 2285 3960 Altari
2332 3895 2464 3961 S'ci
2510 3887 2780 3969 Andree

559 4014 683 4078 pro
739 3992 1055 4058 fidelibus
1111 3992 1476 4070 defunctiS,
1535 3995 1655 4059 vni
1711 4003 1869 4081 post
1926 3998 2219 4063 alterum
2276 4001 2654 4066 successiue
2710 4003 2781 4067 in

559 4119 746 4183 perp.
844 4097 1225 4163 Reddendo
1265 4099 1423 4163 inde
1484 4103 1846 4167 annuatim
1888 4102 2074 4186 pred.
2129 4103 2193 4186 J.
2247 4104 2331 4168 de
2390 4105 2463 4170 L.
2507 4112 2577 4170 et
2636 4106 2776 4171 her.

558 4204 666 4268 vel
713 4204 958 4288 assign.
1008 4224 1058 4268 s,
1095 4203 1240 4287 vjd.
1277 4223 1403 4287 pro
1450 4207 1635 4270 omni
1685 4206 1971 4271 seruicio
2012 4206 2101 4271 ad
2134 4208 2361 4291 ipsum
2392 4210 2781 4292 pertinente

558 4308 698 4373 scil.
747 4314 885 4372 tres
929 4307 1082 4373 den.
1119 4308 1208 4373 ad
1254 4309 1299 4373 f.
1351 4308 1414 4373 S.
1465 4309 1552 4374 M.
1603 4317 1673 4374 et
1718 4310 1861 4395 iijd.
1911 4310 2001 4375 ad
2046 4311 2269 4387 Pent.,
2316 4318 2387 4377 et
2431 4313 2781 4379 reddendo

559 4412 814 4479 fabrice
868 4413 1024 4478 eccl.
1083 4412 1166 4477 de
1220 4413 1619 4497 supradicta
1672 4414 1955 4481 dimidia
2008 4436 2167 4482 acra
2219 4416 2365 4501 ijd.,
2419 4439 2637 4483 vnum
2690 4419 2783 4485 ad

560 4518 606 4584 f.
645 4518 708 4583 S.
747 4518 836 4584 M.
873 4524 943 4581 et
976 4538 1192 4583 vnum
1227 4518 1314 4584 ad
1358 4518 1552 4583 Pent.
1590 4540 1718 4604 pro
1758 4520 1944 4585 omni
1982 4522 2269 4586 seruicio
2308 4528 2377 4587 et
2418 4522 2779 4589 demanda.
