3217 5117
1165 433 1352 500 Acrs
1400 451 1492 499 or
1537 412 1896 500 CHAPTER.
2515 451 2641 516 243

425 609 571 693 164,
606 611 646 675 1.
685 610 790 692 36,
827 612 989 677 read
1029 612 1069 637 ‘⁴
1098 614 1486 678 venerabile
1517 614 1596 690 ”;
1639 635 1704 698 p.
1744 613 1890 695 165,
1926 613 1967 679 l.
2008 632 2111 697 19,
2152 614 2315 679 read
2354 613 2393 638 “
2423 614 2644 697 capel-

421 715 648 780 lan0.''
742 716 836 780 At
875 737 940 800 p.
981 716 1127 792 162,
1163 718 1297 781 line
1329 734 1435 793 22‘,
1476 718 1748 804 Ingilby
1783 718 1918 784 MS.
1958 719 2081 782 has
2120 718 2159 742 ‘⁸
2189 723 2258 781 et
2293 717 2527 782 Divini
2557 717 2593 739 ''
2624 737 2639 793 ;

422 819 556 883 line
584 819 690 895 28,
719 820 773 883 it
799 820 1007 885 omits
1032 821 1072 845 “
1096 822 1580 906 suprascriptis
1606 822 1644 843 ’⁹
1672 842 1685 897 ;
1724 821 1859 887 line
1884 840 1989 903 33,
2018 822 2073 885 it
2098 822 2305 886 omits
2341 822 2380 846 ‘⁴
2406 821 2535 885 viri
2560 821 2597 843 ''
2626 841 2640 896 ;

423 929 497 987 at
552 944 616 1007 p.
673 923 819 1007 164,
869 925 1002 989 line
1056 943 1118 1008 7,
1170 926 1224 990 it
1280 926 1405 990 has
1460 926 1499 951 “
1531 925 1895 991 inducend.
1930 926 2014 1001 '’;
2078 926 2213 990 line
2266 943 2367 1006 13,
2418 926 2472 989 it
2521 925 2645 989 has

423 1027 463 1051 ‘⁴
495 1028 643 1112 ipso
672 1027 710 1049 '²
741 1048 756 1103 ;
807 1028 942 1093 line
979 1046 1086 1109 39,
1128 1029 1183 1093 it
1223 1031 1346 1094 has
1387 1030 1427 1055 “
1457 1029 1925 1095 successiuiS.''

419 1213 518 1293 84.
618 1206 792 1291 (349)
865 1207 1282 1273 ORDINACIO
1344 1208 1718 1273 CANTARIE
1779 1208 2319 1273 AssUMPmoNIs
2391 1206 2639 1271 BEATE

511 1310 754 1376 MARIE
801 1329 880 1375 IN
927 1329 1178 1377 EADEM
1225 1329 1568 1378 Eccussm
1614 1313 2073 1377 COLLEGIATA
2118 1312 2410 1377 R1120N’.

597 1466 945 1531 Vniuersis
995 1472 1066 1530 et
1114 1467 1396 1553 singulis
1445 1468 1564 1552 xpi
1615 1468 1930 1532 fidelibus
1979 1468 2157 1532 hanc
2206 1472 2471 1531 cartam
2523 1466 2641 1530 tri-

421 1570 755 1653 partitam
821 1570 1069 1635 visuris
1133 1571 1242 1635 vel
1310 1571 1669 1636 audituris.
1765 1571 2001 1654 Joh'es
2068 1571 2153 1635 de
2219 1571 2273 1634 F
2278 1570 2505 1635 ulford
2571 1576 2640 1634 et

426 1674 722 1738 Rob'tus
770 1674 854 1739 de
905 1675 1236 1751 Kendale,
1286 1675 1657 1760 Capellani,
1708 1676 2001 1740 salutern
2048 1676 2119 1739 in
2167 1674 2349 1738 D'no
2395 1674 2641 1757 sempi-

422 1784 712 1843 ternam.
837 1778 1125 1843 Nouerit
1202 1781 1617 1845 vniuersitas
1677 1786 1909 1844 vestra
1976 1800 2101 1844 nos
2178 1779 2265 1843 ad
2343 1778 2638 1852 laudem,

419 1883 728 1967 gloriam,
761 1889 831 1947 et
861 1885 1190 1949 honorem
1218 1904 1486 1948 summe
1516 1890 1584 1948 et
1616 1884 1972 1949 individue
2000 1883 2382 1958 Trinitatis,
2416 1881 2643 1947 Patris

421 1992 488 2051 et
529 1986 679 2070 Filij
725 1994 797 2051 et
839 1987 1134 2071 Spiritus
1173 1988 1429 2063 Sancti,
1466 1988 2084 2073 gloriosissimeque
2122 1987 2403 2071 virginis
2441 1988 2643 2050 beate

420 2091 631 2155 Marie
701 2092 942 2156 matris
1012 2092 1172 2157 D'ni
1241 2093 1456 2157 nostri
1527 2092 1696 2175 Jesu
1764 2091 2037 2167 Christi,
2108 2098 2642 2175 sanctorumque

418 2195 890 2279 apostolorum
957 2196 1142 2260 Petri
1208 2203 1279 2260 et
1345 2196 1562 2271 Pauli,
1631 2202 1702 2260 et
1765 2196 2177 2260 sanctissimi
2241 2194 2643 2260 confessoris

417 2300 606 2363 beati
632 2299 928 2364 wilfridi
955 2300 1136 2365 Eccl.
1166 2299 1414 2385 Colleg.
1447 2301 1697 2385 Ripon'
1729 2301 1935 2365 Ebor.
1966 2300 2138 2365 dioc‚
2169 2306 2640 2383 patronorum,

418 2404 864 2488 omniumque
911 2411 1310 2469 sanctorum
1350 2405 1498 2479 Dei,
1537 2406 1605 2468 in
1655 2404 1871 2469 diuini
1920 2404 2148 2469 cultus
2194 2408 2643 2488 augmentum

420 2514 486 2571 et
579 2514 972 2573 nostrorum
1063 2514 1505 2593 peccatorum
1591 2508 2077 2583 remissionem,
2160 2507 2482 2571 fundasse
2572 2513 2643 2571 et

420 2611 768 2677 ordinasse
809 2633 890 2676 ac
929 2633 1053 2696 pro
1091 2618 1426 2697 perpetuo
1467 2618 1538 2676 et
1571 2612 2081 2697 imperpetuum
2114 2631 2396 2685 creasse,
2430 2632 2643 2675 unam

420 2722 826 2801 perpetuam
875 2700 1271 2781 Cantariam
1318 2717 1522 2781 vnius
1568 2717 1821 2801 ydonei
1870 2716 2217 2800 Capellani
2266 2721 2335 2779 et
2382 2735 2643 2780 succes-

419 2841 652 2885 sorum
717 2841 996 2884 suorum
1063 2827 1392 2905 perpetue
1459 2820 1661 2886 Gilde
1728 2826 1797 2884 et
1865 2820 2185 2884 Cantarie
2253 2821 2319 2883 in
2388 2821 2643 2883 honore

421 2924 934 3009 Assumpcionis
975 2926 1175 2989 beate
1218 2926 1428 2989 Marie
1469 2925 1766 3010 Virginis
1808 2925 1877 2988 in
1918 2924 2077 2989 eccl.
2123 2923 2285 2989 Coll.
2332 2923 2642 3007 predicta

423 3028 672 3113 Ripon'
705 3029 872 3093 inite
901 3029 1314 3094 sufficienter
1340 3036 1409 3094 et
1441 3029 1751 3103 fundate,
1777 3028 1866 3092 ad
1889 3028 2104 3093 altare
2127 3028 2642 3112 Assumpcionis

421 3134 625 3197 beate
663 3132 873 3197 Marie
909 3140 1388 3218 nuncupatum
1424 3134 1492 3197 in
1531 3134 1719 3198 dicta
1756 3132 1913 3198 eccl.
1954 3132 2117 3197 Coll.
2157 3132 2639 3207 constitutum,

421 3237 660 3302 diuina
728 3237 949 3301 officia
1015 3237 1445 3311 celebraturi,
1517 3237 1725 3301 modo
1793 3238 2035 3311 forma,
2106 3242 2175 3300 et
2244 3235 2641 3300 condicione

421 3342 826 3425 subscriptis
892 3341 976 3405 de
1041 3342 1316 3426 speciali
1383 3342 1666 3406 licencia
1731 3341 2277 3405 excellentissimi
2344 3341 2414 3404 in
2481 3340 2643 3424 Xpo

421 3445 747 3530 principis
784 3452 852 3509 et
891 3445 1033 3510 d’ni
1070 3446 1198 3509 n’ri
1235 3445 1378 3509 d’ni
1416 3446 1695 3509 Henrici
1736 3445 1939 3529 Regis
1975 3445 2217 3529 Anglie
2252 3450 2322 3508 et
2360 3443 2643 3508 Francie

421 3556 489 3614 et
549 3549 694 3614 d'ni
754 3550 1082 3613 Hibernie
1138 3550 1370 3633 quarti
1430 3556 1586 3633 post
1647 3557 2103 3633 conquestum
2161 3548 2403 3633 Anglie
2461 3568 2643 3612 anno

423 3654 610 3738 regni
672 3654 776 3718 sui
839 3660 1111 3729 octau0,
1167 3654 1662 3737 temporalibus
1725 3653 2371 3737 Archiepiscopatus
2434 3653 2640 3718 Ebor.

2796 1477 2943 1535 1416,

2758 1541 2899 1591 Nov.
2928 1556 2979 1603 4.

2780 3346 2959 3409 Royal

2743 3412 2991 3461 Licence.

421 3758 572 3842 ipsa
609 3758 770 3822 sede
809 3778 930 3842 per
967 3758 1236 3823 obitum
1276 3759 1454 3821 bone
1493 3757 1819 3823 memorie
1861 3756 2137 3822 Ricardi
2177 3776 2396 3841 nuper
2435 3758 2640 3821 Ebor.
2673 3770 2816 3833 Abp.
2851 3770 3053 3833 Scrope

423 3862 935 3946 Archiepiscopi
987 3868 1283 3926 vacante
1335 3862 1405 3925 in
1459 3861 1781 3926 manibus
1832 3861 2044 3945 ipsius
2096 3861 2239 3925 d'ni
2292 3860 2421 3925 n'ri
2474 3861 2647 3945 regis

424 3969 686 4033 adtunc
727 3966 1088 4041 existente,
1132 3966 1348 4030 eciam
1389 3966 1475 4029 de
1515 3966 1864 4030 communi
1907 3985 2241 4030 consensu
2283 3965 2646 4030 voluntate

424 4072 684 4156 pariter
729 4076 798 4134 et
849 4090 1126 4134 assensu
1173 4070 1581 4134 venerabilis
1630 4069 1917 4154 capituli
1965 4070 2122 4134 eccl.
2175 4069 2337 4134 Coll.
2393 4070 2643 4153 Ripon’

425 4175 796 4246 antedicte,
853 4174 1298 4259 omniumque
1347 4174 1636 4238 aliorum
1683 4193 1979 4259 quorum
2027 4174 2353 4238 intererat
2400 4174 2469 4237 in
2518 4174 2648 4237 hac

427 4287 624 4366 parte
696 4298 822 4363 pro
894 4277 1286 4342 huiusmodi
1349 4278 1675 4343 Cantaria
1736 4286 2069 4362 perpetua
2142 4280 2451 4353 obtenta,
2523 4298 2647 4361 pro

427 4384 758 4450 fratribus
813 4388 882 4446 et
939 4383 1284 4447 sororibus
1339 4388 1669 4467 perpetue
1716 4382 1912 4446 Gilde
1960 4382 2307 4446 antedicte
2352 4380 2531 4446 uiuis
2576 4386 2647 4444 et

427 4486 794 4562 defunctis,
833 4507 1094 4551 necnon
1131 4507 1254 4570 pro
1287 4486 1544 4551 salubri
1577 4492 1769 4551 statu
1804 4493 2041 4551 nostro
2075 4485 2241 4550 dum
2276 4486 2648 4550 vixerimus

2744 4391 2992 4455 ObjectS.
