3217 5117
1122 453 1307 518 Acrs
1353 471 1445 519 OF
1490 453 1850 519 CHAPTER.
2475 472 2598 538 105

378 637 827 703 existencium
902 635 970 699 in
1050 634 1270 699 forma
1341 634 1863 699 constitucionis
1936 655 2140 720 super
2213 636 2342 699 hoc
2415 635 2598 701 edite

378 742 847 817 concedenteS,
891 741 1089 805 salua
1130 738 1327 803 nobis
1370 743 1718 822 potestate
1761 738 1914 823 aliJ's
1956 761 2138 805 exec.
2185 740 2324 804 suis
2365 740 2598 805 huius-

380 846 563 913 modi
604 844 1280 911 administracionem
1318 843 1801 908 committendi
1841 864 1998 909 cum
2038 866 2190 909 eam
2230 844 2598 910 admittere

378 952 743 1017 voluerint.
841 950 923 1014 In
998 970 1055 1013 c.
1136 968 1185 1012 r.
1268 955 1315 1012 t.
1395 948 1515 1033 sig.
1595 953 1911 1013 nostrum
1985 950 2419 1033 presentibus
2494 957 2597 1015 est

374 1076 777 1141 appensum.
875 1055 1037 1119 Dat.
1080 1053 1399 1118 Dunelm.
1441 1051 1549 1117 die
1588 1058 1658 1117 et
1697 1074 1878 1117 anno
1915 1054 2348 1137 supradictis

466 1222 643 1304 (166)
695 1222 1118 1285 BEGINMNG
1160 1236 1249 1284 oF
1291 1219 1494 1284 W11.1.
1535 1236 1626 1283 OF
1668 1219 1834 1302 Jofl.
1883 1236 1979 1283 DE
2025 1220 2501 1285 R1cuEMUND.

554 1364 635 1427 In
690 1363 817 1428 Dei
870 1362 1167 1437 nomine,
1224 1361 1464 1425 Amen.
1562 1361 1712 1424 xixo
1764 1361 1871 1426 die
1925 1360 2175 1427 mensis
2230 1363 2586 1427 Decembr.

374 1468 578 1533 Anno
634 1466 795 1532 D'ni
852 1466 1208 1531 Millesimo
1259 1476 1457 1529 000ῐιὶο
1508 1462 1772 1551 Nonog.
1830 1472 2100 1541 octau0,
2158 1467 2304 1553 Ego
2357 1467 2593 1551 Joh'es

374 1573 461 1638 de
507 1571 962 1647 Richemund,
1008 1590 1289 1655 compos
1332 1570 1604 1646 mentiS‚
1651 1570 1892 1635 videns
1936 1572 2176 1635 mortis
2219 1572 2596 1656 periculum

374 1677 583 1743 michi
611 1676 913 1751 iminere,
944 1675 1166 1740 condo
1195 1680 1694 1739 testamentum
1721 1695 1954 1739 meum
1981 1676 2052 1740 in
2081 1677 2262 1741 hunc
2290 1677 2595 1742 modum.

375 1782 457 1847 In
514 1781 751 1865 primis
803 1781 955 1865 lego
1009 1780 1314 1845 animam
1370 1799 1596 1844 meam
1653 1779 1801 1843 Deo
1855 1781 2339 1864 omnipotenti,
2399 1783 2601 1846 beate

372 1887 585 1951 Marie
632 1885 901 1971 virgini,
950 1892 1021 1949 et
1068 1884 1389 1949 omnibus
1434 1884 1692 1948 sanctis
1740 1884 1905 1960 eiuS,
1956 1893 2026 1950 et
2073 1906 2320 1969 corpus
2368 1907 2599 1951 meum

370 1991 461 2055 ad
500 1990 969 2075 sepeliendum
1009 1990 1077 2053 in
1119 1988 1470 2053 Cimiterio
1510 1989 1786 2053 ecclesie
1828 1990 2015 2054 beati
2060 1990 2244 2054 Petri
2285 1991 2600 2075 Apostoli

372 2094 649 2180 Ripon’,
692 2100 763 2158 et
803 2094 953 2177 lego
993 2114 1249 2178 equum
1288 2114 1521 2158 meum
1562 2113 1687 2177 pro
1727 2094 2107 2158 mortuario
2149 2115 2320 2160 meo.
2421 2096 2599 2160 Item

370 2200 521 2285 lego
573 2199 999 2264 fraternitati
1050 2198 1237 2263 beati
1290 2196 1584 2261 Wilsridi
1640 2197 1889 2282 Ripon’
1945 2198 2074 2283 vjs.
2130 2199 2323 2283 viijd.
2421 2200 2602 2265 Item

370 2304 521 2389 lego
558 2325 683 2390 pro
722 2303 1005 2369 decimis
1043 2302 1212 2368 meis
1256 2301 1393 2384 (lest
1430 2302 1858 2386 unfinished).

1087 2469 1263 2553 (167)
1318 2470 1891 2535 MEMORANDUM.

548 2612 1072 2677 Memorandum
1106 2610 1295 2697 quod
1331 2610 1439 2675 die
1476 2612 1716 2676 Sancti
1753 2611 2044 2687 Andree,
2084 2612 2286 2677 Anno
2321 2613 2600 2679 Domini

374 2716 731 2781 Millesimo
774 2767 787 2781 .
836 2768 848 2781 .
897 2732 941 2781 .¹
983 2716 1285 2801 quedam
1324 2716 1692 2780 concordia
1730 2716 1911 2781 inter
1953 2768 1966 2781 .
2015 2768 2026 2781 .
2076 2768 2088 2781 .
2133 2737 2350 2801 nuper
2387 2718 2596 2786 vicar.

372 2822 647 2886 ecclesie
712 2820 919 2907 Colig.
992 2820 1241 2906 Ripon'
1309 2826 1377 2884 et
1446 2872 1459 2885 .
1531 2871 1544 2884 .
1620 2872 1631 2884 .
1701 2841 1883 2885 nunc
1949 2822 2281 2887 vicarium
2346 2822 2600 2888 ibidem

372 2926 778 2991 intitulatur
824 2977 836 2989 .
893 2977 905 2989 .
961 2977 974 2990 .
1026 2924 1096 2989 in
1146 2926 1269 2989 hec
1316 2927 1529 2989 verba
1575 2946 1736 2990 cum
1785 2946 1870 2989 ex
1921 2977 1934 2991 .
1990 2978 2002 2991 .
2059 2978 2070 2991 .
2122 2925 2398 2991 ecclesie
2449 2979 2460 2992 .
2518 2978 2530 2992 .
2586 2979 2600 2992 .

370 3051 769 3095 concessum
814 3036 917 3093 est
966 3080 979 3094 .
1031 3082 1043 3093 .
1096 3080 1110 3094 .
1159 3048 1379 3113 nuper
1421 3030 1630 3094 vicar.
1681 3030 1988 3095 eiusdem
2037 3082 2048 3094 .
2101 3082 2114 3096 .
2168 3082 2180 3095 .
2228 3031 2604 3116 quemdam

373 3155 682 3199 annuum
738 3133 1086 3199 redditum
1132 3185 1145 3198 .
1197 3185 1210 3199 .
1262 3185 1275 3198 .
1323 3134 1687 3199 annuatim
1743 3135 2264 3219 percipiendum
2316 3136 2404 3200 ad
2447 3135 2602 3220 iiijor

374 3239 535 3303 anni
590 3238 919 3304 terminos
970 3238 1266 3303 durante
1318 3238 1468 3303 vita
1520 3238 1824 3304 eiusdem
1881 3291 1894 3304 .
1955 3291 1967 3304 .
2028 3291 2040 3305 .
2099 3238 2598 3306 Nichilominus

372 3343 601 3408 dictus
633 3395 645 3408 .
684 3394 697 3409 .
736 3394 749 3408 .
782 3341 1098 3408 concedit
1128 3363 1211 3406 ex
1244 3342 1521 3427 propria
1548 3344 1913 3408 voluntate
1942 3365 2068 3409 sua
2097 3344 2284 3409 dicto
2315 3344 2593 3429 Hugoni

372 3446 751 3532 quemlibet
822 3447 1192 3512 terminum
1263 3446 1401 3533 xld.
1468 3467 1682 3532 quam
1752 3446 1872 3512 diu
1937 3448 2162 3513 dictus
2236 3500 2248 3513 .
2327 3501 2339 3513 .
2418 3500 2430 3513 .
2504 3449 2595 3513 sit

375 3554 640 3617 locatus
672 3552 761 3617 ad
792 3552 1029 3618 diuina
1060 3551 1445 3616 celebrand.
1480 3558 1549 3615 et
1582 3572 1720 3617 non
1754 3552 2070 3630 vicarius,
2104 3553 2224 3618 sed
2258 3553 2598 3618 remaniat

376 3657 467 3722 ad
502 3656 905 3742 pencionem
942 3676 1141 3721 suam
1177 3655 1672 3739 supradictam.

375 3820 457 3900 48
496 3841 559 3885 v.
649 3824 825 3908 (168)
856 3823 1407 3889 TESTAMENTUM
1436 3824 1789 3889 MAGISTRI
1819 3824 2058 3907 Jou'ls
2087 3841 2182 3889 DE
2208 3824 2602 3890 CRAKHALL

465 3933 845 3997 CANONICI.

555 4074 806 4138 Pateat
863 4070 1197 4136 vniuersis
1256 4090 1377 4155 per
1434 4075 1783 4155 presentes
1841 4072 2030 4155 quod
2089 4092 2212 4158 ego
2273 4072 2596 4159 Magister

379 4178 615 4262 Joh’es
673 4175 757 4240 de
812 4174 1153 4251 Crakhall,
1202 4174 1586 4240 Canonicus
1643 4175 1800 4240 eccl.
1854 4175 2126 4260 Rypon'
2186 4182 2255 4241 et
2311 4178 2594 4261 preben-

380 4282 611 4348 darius
642 4279 987 4366 prebende
1020 4280 1106 4344 de
1138 4280 1579 4365 Staynewegs
1613 4279 1682 4344 in
1716 4280 1956 4345 eadem
1989 4280 2145 4345 dedi
2187 4286 2256 4346 et
2297 4281 2598 4346 concessi

378 4387 611 4453 omnia
696 4386 878 4451 bona
964 4390 1035 4449 et
1120 4384 1371 4449 catalla
1456 4404 1612 4449 mea
1698 4384 1980 4451 mobilia
2065 4391 2135 4450 et
2221 4384 2600 4450 immobilia

520 4571 535 4595 ¹
574 4562 751 4613 These
777 4562 907 4611 dots
932 4566 1217 4625 repraeent
1243 4576 1489 4611 erasures
1514 4560 1573 4611 of
1598 4575 1704 4610 one
1731 4566 1794 4611 to
1817 4560 1971 4610 three
1997 4575 2060 4610 or
2085 4562 2209 4611 four
2233 4561 2428 4611 words.

2754 1384 2765 1417 1
2781 1374 2898 1431 398,

2705 1437 2834 1486 Dec.
2872 1451 2947 1499 19.

2753 4086 2900 4144 1378.

2713 4149 2848 4213 Aug.
2880 4154 2928 4197 8.
