3217 5117
1123 469 1313 536 AcTs
1361 488 1452 536 oF
1500 468 1858 536 CHAPTER.
2482 457 2605 538 261

385 645 676 713 eandem
729 647 1126 714 Cantariam
1187 649 1460 734 prefato
1518 649 1887 716 Ordinatio
1948 657 2297 735 presentet
2360 650 2611 716 admit-

379 750 670 818 tendum
739 752 902 828 fore,
976 760 1046 818 et
1115 754 1186 820 in
1254 753 1497 819 eadem
1565 755 1893 820 canonice
1964 755 2471 822 instituendum
2540 762 2609 822 et

378 854 844 922 inducendum
881 858 1060 922 sicut
1099 858 1487 942 predictum
1525 866 1651 934 est,
1692 859 1889 925 saluo
1926 879 2194 945 semper
2228 860 2427 926 nobis
2464 861 2603 925 her.

375 965 445 1024 et
475 960 724 1046 assign.
758 961 921 1026 n'ris
948 962 1018 1028 in
1047 963 1182 1028 alia
1209 984 1648 1048 quacumque
1677 963 1861 1028 dicte
1889 964 2211 1031 Cantarie
2238 965 2607 1030 vacacione
2636 951 3037 1082 Γὲἲζὲξῑξξῗὲθ

378 1063 522 1128 iure
550 1065 701 1129 n’ro
732 1065 900 1130 alias
929 1067 1373 1151 presentandi
1407 1066 1496 1132 ad
1526 1066 1817 1133 eandem
1848 1067 2026 1133 infra
2055 1089 2271 1134 vnum
2302 1089 2606 1134 mensem
2650 1089 2880 1149 patrous
2906 1084 3018 1133 and

381 1175 539 1253 post
580 1169 963 1254 quamlibet
1005 1170 1215 1237 aliam
1256 1171 1468 1237 eiusd.
1515 1172 1714 1238 Cant.
1760 1172 2223 1250 vacacionem,
2268 1193 2349 1237 ac
2389 1173 2607 1238 eciam
2632 1151 3037 1268 Οὲξξξὲξξᾞξδ

381 1273 577 1338 saluo
632 1273 801 1358 pref.
863 1295 1147 1358 persone
1202 1277 1391 1360 pred.
1453 1276 1613 1341 eccl.
1676 1276 1761 1340 de
1816 1277 2028 1342 Wath
2083 1277 2201 1362 qui
2259 1297 2383 1361 pro
2440 1283 2603 1343 tem.
2634 1285 2821 1334 future
2864 1299 3034 1333 cases-

383 1377 591 1442 fuerit
639 1379 782 1443 iure
830 1399 955 1443 suo
1004 1380 1174 1444 alias
1224 1380 1667 1464 presentandi
1715 1380 1804 1444 ad
1853 1380 2143 1446 eandem
2190 1381 2369 1446 infra
2416 1380 2604 1465 pred.

379 1489 538 1547 octo
581 1481 724 1547 dies
765 1483 896 1549 sibi
938 1491 1018 1548 vt
1063 1484 1451 1568 predictum
1494 1490 1598 1549 est
1640 1484 1981 1551 limitatos
2024 1485 2232 1552 modo
2274 1492 2345 1550 et
2388 1485 2611 1550 forma

379 1586 696 1671 superius
732 1587 1118 1654 declaratiS.

553 1753 646 1817 Et
693 1753 748 1817 si
799 1754 982 1819 idem
1031 1754 1433 1839 Capitulum
1489 1755 1649 1820 eccl.
1703 1754 1869 1820 Coll.
1923 1755 2109 1838 pred.
2163 1754 2609 1840 Capellanum
2651 1754 2702 1803 If
2729 1753 2825 1803 the
2844 1753 3022 1830 cnap-

379 1858 733 1942 ydoneum
799 1858 889 1923 ad
954 1859 1230 1924 Cantar.
1303 1860 1491 1944 pred.
1562 1859 1741 1924 infra
1806 1858 2151 1944 predictos
2215 1859 2609 1944 quindecim
2634 1820 3041 1951 Jgglgssffffg,

382 1963 528 2028 dies
603 1963 824 2028 eidem
897 1963 1216 2048 Capitulo
1290 1963 1629 2050 limitatos
1704 1984 1840 2029 non
1915 1964 2414 2048 presentauerit
2488 1984 2609 2028 seu
2654 1955 2752 2070 th?
2766 1953 3023 2069 323?er

385 2072 777 2150 presentare
872 2067 1268 2153 neglexerit,
1369 2075 1535 2145 tunc
1631 2069 1952 2133 volumus
2047 2067 2447 2134 ordinamus
2540 2073 2613 2132 et
2672 2035 2708 2072 Ο
2730 2090 2969 2151 present,

383 2170 820 2236 concedimus
870 2192 990 2256 per
1036 2179 1386 2257 presentes
1434 2172 1625 2257 quod
1674 2171 1788 2237 Ca.
1842 2171 2000 2236 eccl.
2054 2171 2252 2238 Cath.
2306 2173 2371 2236 b.
2426 2171 2613 2236 Petri

383 2274 590 2339 Ebor.
659 2274 776 2339 illa
837 2276 985 2340 vice
1049 2283 1118 2340 et
1181 2276 1300 2341 illa
1363 2276 1739 2341 vacacione
1801 2275 1980 2340 infra
2043 2275 2409 2341 duodecim
2473 2274 2619 2340 dies

383 2378 730 2463 predictos
771 2380 1165 2464 quindecim
1204 2381 1350 2446 dies
1377 2396 1396 2426 ¹
1441 2379 1713 2464 prefato
1758 2380 1871 2445 Ca.
1910 2379 2067 2445 eccl.
2108 2379 2271 2444 Coll.
2310 2378 2497 2464 pred.
2548 2379 2616 2444 in

385 2483 610 2548 forma
687 2485 1000 2568 predicta
1077 2484 1414 2549 limitatos
1495 2484 1897 2548 immediate
1970 2504 2163 2567 prox,
2229 2490 2614 2568 sequentes,

384 2587 836 2673 Capellanum
897 2589 1249 2673 ydoneum
1311 2588 1400 2654 ad
1463 2588 1662 2653 Cant.
1718 2588 1906 2672 pred.
1964 2595 2313 2672 presentet
2368 2587 2619 2654 admit-

389 2693 680 2758 tendum
722 2693 865 2758 fore
907 2700 976 2757 et
1017 2695 1086 2758 in
1119 2692 1363 2758 eadem
1396 2693 1723 2758 Cantaria
1754 2693 2081 2758 canonice
2116 2693 2620 2758 instituendum

390 2803 460 2860 et
511 2797 976 2863 inducendum
1023 2798 1204 2862 sicut
1253 2797 1641 2881 predictum
1689 2803 1816 2871 est,
1868 2797 2062 2861 saluo
2108 2816 2377 2880 semper
2422 2796 2621 2861 nobis
2644 2781 3047 2897 sagssffibaggts

392 2901 532 2966 her.
595 2909 666 2966 et
722 2901 968 2986 assign.
1029 2901 1192 2966 n'ris
1249 2901 1318 2966 in
1377 2902 1511 2966 alia
1565 2921 2005 2986 quacumque
2062 2900 2243 2964 dicte
2300 2900 2619 2966 Cantarie
2645 2916 2757 2964 and
2784 2915 2843 2964 of
2868 2888 3045 2991 cha'p-

394 3006 763 3071 vacacione
808 3006 949 3070 iure
995 3012 1229 3071 nostro
1273 3006 1442 3070 alias
1484 3004 1929 3090 presentandi
1972 3005 2062 3070 ad
2105 3004 2395 3070 eandem
2439 3004 2619 3070 infra
2646 2986 2731 3032 Ἢ
2754 2981 3043 3045 ofR1pon.

393 3129 611 3174 vnum
665 3130 969 3176 mensem
1023 3117 1180 3194 post
1234 3110 1617 3194 quamlibet
1673 3110 1883 3174 aliam
1938 3109 2242 3174 eiusdem
2298 3108 2619 3173 Cantarie

389 3215 854 3290 vacacionem,
893 3235 973 3279 ac
1005 3215 1199 3279 saluo
1233 3214 1504 3298 prefato
1537 3234 1824 3298 persone
1860 3213 2046 3297 pred.
2086 3213 2246 3277 eccl.
2285 3213 2372 3278 de
2406 3211 2617 3277 Wath

389 3319 511 3403 qui
549 3339 674 3404 pro
714 3326 873 3384 tem.
918 3319 1124 3384 fuerit
1165 3319 1306 3383 iure
1343 3339 1468 3383 suo
1507 3317 1678 3382 alias
1716 3317 2158 3402 presentandi
2198 3317 2289 3382 ad
2328 3317 2619 3382 eandem

388 3422 569 3489 infra
607 3423 948 3508 predictos
987 3429 1145 3487 octo
1183 3422 1327 3488 dies
1364 3421 1675 3506 superius
1712 3421 1842 3486 sibi
1882 3421 2239 3496 limitatos,
2280 3441 2360 3485 ac
2399 3420 2618 3485 eciam

387 3527 584 3593 saluo
617 3529 786 3612 pref.
826 3527 940 3592 Ca.
981 3527 1138 3592 eccl.
1178 3527 1327 3592 coll.
1367 3525 1761 3610 supradicte
1797 3526 1939 3590 iure
1975 3547 2103 3590 suo
2138 3525 2310 3590 alias
2346 3544 2617 3609 presen-

387 3631 586 3696 tandi
635 3633 724 3698 ad
773 3631 1063 3697 eandem
1113 3631 1290 3696 infra
1341 3630 1528 3716 pred.
1581 3630 1977 3715 quindecim
2027 3629 2171 3695 dies
2221 3628 2446 3693 eidem
2495 3627 2613 3694 Ca.

389 3735 546 3802 eccl.
604 3736 752 3801 coll.
807 3736 1203 3820 supradicte
1253 3735 1564 3819 superius
1611 3734 1967 3808 limitatos,
2019 3734 2225 3799 modo
2273 3740 2343 3797 et
2392 3733 2617 3797 forma

388 3840 698 3925 superius
721 3840 1152 3924 expressatis,
1251 3840 1342 3904 Et
1365 3839 1420 3904 si
1445 3839 1632 3923 pred.
1661 3838 1775 3903 Ca.
1804 3839 1962 3902 eccl.
1991 3837 2191 3902 Cath.
2219 3836 2615 3921 supradicte
2644 3826 2665 3874 ¹
2668 3826 2837 3942 {auges
2864 3827 3021 3942 ξῑέῗῑέ

389 3943 567 4010 infra
637 3944 980 4028 predictos
1048 3943 1411 4008 duodecim
1480 3943 1627 4008 dies
1695 3942 1917 4006 eidem
1986 3941 2101 4006 Ca.
2179 3941 2337 4005 eccl.
2412 3940 2609 4006 Cath.
2665 3959 2894 4024 neglect,
2924 3959 3021 4008 the

387 4047 779 4133 supradicte
838 4048 1150 4133 superius
1208 4047 1543 4112 limitatos
1603 4046 2055 4131 Capellanum
2115 4045 2464 4130 ydoneum
2524 4045 2614 4110 ad
2641 4025 3049 4142 Οῗξξῇζγᾶξὲο

387 4153 663 4217 Cantar.
723 4152 1107 4237 predictam
1163 4151 1434 4237 prefato
1491 4150 1858 4216 Ordinario
1916 4166 2054 4214 non
2110 4149 2612 4234 presentauerit
2654 4159 2895 4222 chantry
2916 4161 3027 4208 and

387 4277 508 4322 seu
567 4263 958 4341 presentare
1017 4255 1412 4342 neglexerit,
1475 4262 1645 4320 tunc
1704 4255 1839 4320 vol.
1904 4254 2049 4318 ord.
2114 4259 2183 4318 et
2242 4273 2430 4317 cone.
2495 4272 2614 4337 per
2669 4227 3011 4350 ffssffffloff

389 4366 738 4446 presentes
780 4360 968 4446 quod
1011 4360 1144 4426 loci
1185 4359 1365 4424 illius
1403 4359 1809 4425 Ordinarius
1851 4357 1971 4443 qui
2013 4377 2137 4443 pro
2178 4364 2339 4421 tem.
2383 4356 2613 4431 fuerit,

539 4565 551 4586 ‘
593 4562 808 4626 Supply
835 4561 963 4611 here
994 4561 1364 4610 “immediate
1391 4560 1643 4624 proxime
1663 4564 1960 4624 sequentes
1979 4559 2009 4576 ’³
2042 4558 2183 4607 from
2206 4558 2303 4606 the
2324 4563 2460 4605 next
2488 4557 2611 4604 line.
