3217 5117
588 402 673 467 68
1172 404 1330 469 THE
1381 404 1694 470 INGILBY
1741 405 2236 471 MAancmPT.

588 584 696 647 vie
724 604 863 669 que
895 584 1092 650 vadit
1126 604 1364 650 versus
1398 585 1697 651 molend.
1726 585 1836 650 del
1859 598 1882 629 1
1917 585 2106 661 Este,
2135 589 2204 649 et
2231 582 2586 669 protendit
2609 601 2817 667 super

586 708 887 774 mesuag.
944 688 1090 753 Ric.
1139 688 1367 773 Scayf,
1413 690 1635 755 eidem
1680 688 1859 755 Galf.
1913 696 1983 754 et
2032 690 2173 755 suis
2227 689 2500 773 assign.‚
2550 694 2689 752 ten.
2743 693 2815 751 et

587 794 746 857 hab.
798 793 885 857 de
932 813 1043 857 me
1091 800 1159 857 et
1209 794 1348 858 her.
1402 814 1491 859 m.
1546 795 1616 859 in
1666 793 1868 859 feodo
1910 800 1982 859 et
2030 794 2435 868 hereditate,
2486 792 2694 856 libere
2743 797 2815 856 et

587 898 820 982 quiete
854 898 924 962 in
961 918 1175 982 perp„
1214 897 1563 964 reddendo
1596 897 1757 963 inde
1792 898 1999 963 michi
2035 906 2105 963 et
2141 900 2279 963 her.
2319 919 2410 963 m.
2450 896 2814 962 annuatim

588 1023 805 1067 vnum
853 1023 978 1086 par
1024 1002 1337 1067 albarum
1385 1004 1840 1069 cirotecarum
1887 1003 1976 1069 ad
2027 1003 2290 1068 Pascha
2338 1022 2462 1086 pro
2509 1000 2696 1065 omni
2746 1020 2816 1065 re

589 1114 659 1171 et
715 1127 889 1172 seru.
950 1114 1019 1171 et
1076 1107 1441 1173 demanda.
1538 1108 1633 1173 Et
1690 1128 1814 1193 ego
1871 1107 2059 1192 pred.
2121 1108 2333 1191 Marg.
2393 1112 2465 1171 et
2520 1106 2661 1171 her.
2721 1126 2814 1169 m.

588 1212 1193 1277 warantizabimus
1241 1212 1428 1296 pred.
1481 1212 1668 1277 redd.
1721 1233 2026 1297 prenom.
2093 1211 2404 1277 Galfrido
2465 1216 2535 1275 et
2600 1209 2814 1275 eiusd.

589 1316 837 1401 assign.
884 1322 1129 1382 contra
1172 1337 1411 1381 omnes
1453 1318 1523 1382 in
1568 1318 1890 1382 omnibus
1935 1318 2002 1381 in
2049 1336 2236 1400 perp.
2333 1314 2442 1380 Ad
2485 1316 2816 1381 maiorem

589 1426 825 1485 autem
890 1420 1095 1485 huius
1160 1421 1253 1485 rei
1322 1422 1765 1486 securitatem
1834 1427 2219 1505 presentem
2286 1426 2552 1485 cartam
2618 1419 2818 1504 sigilli

589 1524 1025 1609 apposicione
1076 1518 1415 1590 roboraui.
1512 1527 1600 1590 H.
1657 1532 1707 1590 t.
1768 1527 1866 1609 (31
1911 1526 2000 1609 v.)
2059 1524 2319 1589 Rob'to
2381 1524 2466 1588 de
2529 1523 2818 1588 Berford

589 1635 756 1695 tunc
808 1628 1067 1695 balliuo
1117 1630 1201 1693 de
1255 1630 1531 1714 Ripon',
1586 1629 1897 1695 Galfrido
1949 1629 2227 1705 Cleri00,
2283 1627 2531 1693 Nich’o
2581 1627 2815 1703 Ward,

590 1732 849 1798 Rob’to
924 1734 1009 1799 de
1089 1734 1485 1809 Monketon,
1568 1733 1740 1819 Rog'
1827 1734 1910 1798 de
1991 1733 2414 1818 M'kingfeld,
2487 1733 2660 1817 Rog.
2731 1731 2817 1796 de

586 1836 932 1923 Nunwyk,
977 1839 1140 1903 Her'
1185 1838 1270 1903 de
1320 1839 1729 1923 M'kington,
1781 1837 1958 1902 Gilb.
2011 1838 2095 1902 de
2146 1838 2520 1911 Mortimer,
2566 1837 2817 1920 Joh'ne

587 1941 852 2019 Russel,
921 1942 1272 2027 Thorph'o
1334 1943 1670 2027 pelliper,2
1733 1941 1944 2008 Galfr.
2011 1942 2096 2007 de
2158 1941 2432 2027 Gilling,
2500 1941 2647 2005 Ric'
2714 1941 2816 2006 in-

584 2047 996 2124 breuiatore‚
1038 2053 1108 2112 et
1146 2047 1385 2113 multis
1422 2047 1591 2114 aliis,

1384 2216 1517 2299 (97)
1572 2216 1684 2279 DE
1735 2232 2010 2280 EODEM.

759 2344 963 2410 Omn.
1024 2345 1208 2409 hom.
1272 2346 1360 2410 ad
1410 2366 1585 2430 quos
1641 2365 1741 2429 pr.
1800 2366 1924 2410 scr.
1984 2344 2394 2429 peruenerit,
2457 2344 2663 2429 Hugo
2720 2342 2812 2409 fil.

584 2446 808 2532 Joh’is
845 2449 930 2514 de
968 2451 1260 2527 Lanum,
1299 2471 1397 2515 sa.
1448 2451 1517 2515 in
1569 2450 1770 2515 D’n0.
1867 2448 2216 2514 Noueritis
2253 2468 2362 2513 me
2400 2469 2524 2533 pro
2561 2469 2656 2515 sa.
2699 2469 2811 2514 an.

584 2574 674 2619 m.
724 2560 794 2617 et
839 2574 964 2639 pro
1010 2556 1375 2620 animabus
1422 2554 1876 2639 predecessor.
1913 2560 1982 2618 et
2029 2574 2314 2619 success.
2365 2575 2456 2618 m.
2505 2574 2694 2618 conc.
2745 2559 2816 2618 et

583 2658 669 2723 de
712 2680 822 2725 me
866 2666 934 2722 et
980 2660 1118 2724 her.
1169 2681 1256 2724 m.
1305 2660 1445 2743 qui.
1494 2659 1620 2724 cla.
1669 2660 1738 2724 in
1783 2679 1970 2743 perp.
2008 2665 2076 2723 et
2121 2679 2222 2742 pr.
2259 2678 2384 2723 scr.
2422 2657 2600 2722 conf.
2649 2658 2816 2722 d’no

586 2763 862 2847 Hugoni
916 2762 1285 2847 Capellano
1336 2770 1406 2827 et
1458 2784 1636 2829 succ.
1690 2784 1742 2827 s,
1798 2763 1961 2847 Cap.
2017 2763 2254 2827 diuina
2304 2762 2815 2828 celebrantibus

587 2866 675 2932 ad
720 2866 936 2933 altare
981 2868 1112 2932 S'ci
1157 2867 1368 2933 Andr.
1417 2867 1598 2952 Ap’li
1643 2867 1712 2932 in
1755 2868 1915 2933 eccl.
1964 2867 2095 2932 S’ci
2139 2866 2357 2932 Wilsr.
2405 2867 2490 2932 de
2536 2865 2811 2950 Ripon',

586 2971 731 3054 vjd.
798 2971 1108 3037 redditus
1168 2992 1290 3056 per
1351 2992 1509 3038 ann.
1575 2992 1750 3057 quos
1811 2972 1999 3056 pred.
2066 2972 2220 3036 d'ns
2284 2972 2493 3057 Hugo
2552 2971 2814 3035 soluere

585 3076 853 3141 solebat
892 3077 1372 3161 prenominato
1412 3076 1597 3160 Joh’i
1638 3076 1820 3161 patri
1861 3097 2012 3141 meo
2051 3096 2176 3160 pro
2215 3082 2400 3141 terra
2436 3096 2562 3141 sua
2597 3096 2812 3161 quam

586 3180 798 3246 habet
865 3200 1071 3265 super
1136 3180 1422 3265 Speltre,
1492 3187 1560 3244 et
1629 3186 1859 3245 totum
1928 3180 2031 3245 ius
2097 3188 2166 3245 et
2233 3180 2558 3245 clamium
2623 3180 2814 3265 quod

587 3304 896 3369 vnquam
941 3286 1009 3349 in
1056 3285 1243 3369 pred.
1292 3292 1473 3350 terra
1518 3286 1731 3350 habui
1775 3286 1885 3349 vel
1929 3286 2161 3370 aliquo
2208 3292 2517 3369 ternpore
2559 3286 2811 3350 habere

587 3389 817 3473 potui,
860 3389 961 3455 ita
999 3389 1139 3453 scil.
1184 3390 1373 3471 quod
1414 3410 1539 3455 nec
1582 3411 1708 3473 ego
1748 3390 1956 3473 Hugo
1996 3410 2121 3454 nec
2165 3390 2411 3473 aliquis
2450 3389 2677 3454 hered.
2719 3410 2810 3454 m.

588 3494 659 3558 in
706 3493 895 3577 pred.
942 3500 1125 3559 terra
1167 3514 1295 3559 nec
1340 3495 1409 3558 in
1445 3494 1726 3559 redditu
1761 3494 2160 3579 supradicto
2201 3495 2463 3579 aliquid
2505 3493 2667 3561 iuris
2707 3494 2817 3558 vel

588 3597 811 3663 clamii
872 3598 957 3663 de
1013 3606 1242 3663 cetero
1298 3599 1565 3684 exigere
1624 3600 1735 3664 vel
1791 3600 2153 3664 vendicare
2210 3600 2608 3684 poterimus,
2705 3599 2810 3663 Ita

588 3708 823 3767 tamen
876 3703 1064 3787 quod
1122 3702 1302 3767 idem
1358 3703 1513 3767 d’ns
1573 3704 1779 3789 Hugo
1833 3710 1902 3767 et
1956 3724 2192 3769 omnes
2243 3705 2348 3769 sui
2400 3723 2818 3769 successores

588 3806 937 3891 Capellani
991 3800 1268 3873 soluant
1323 3808 1587 3873 dictum
1643 3807 1994 3873 redditum
2048 3809 2410 3874 annuatim
2463 3807 2675 3873 Galfr.
2732 3808 2819 3871 de

591 3911 882 3995 Hewyk‚
916 3912 1079 3977 d’no
1114 3913 1295 3977 illius
1328 3913 1533 3988 feodi,
1570 3919 1640 3976 et
1675 3914 1816 3977 her.
1853 3933 1932 3988 5.,
1971 3913 2041 3978 in
2082 3934 2271 3997 perp.
2369 3913 2450 3977 In
2491 3914 2685 3978 cuius
2725 3912 2818 3977 rei

589 4022 748 4081 test.
811 4016 969 4081 huic
1026 4038 1152 4083 scr.
1217 4038 1392 4101 pres.
1454 4018 1574 4102 sig.
1638 4039 1729 4082 m.
1792 4018 2103 4101 apposui.
2201 4018 2288 4082 H.
2353 4024 2430 4093 t.,
2491 4016 2669 4082 Gilb.
2729 4017 2818 4082 de

592 4120 964 4196 Mortimer,
1030 4120 1281 4204 Joh'ne
1342 4121 1426 4185 de
1488 4122 1723 4196 Ebot„
1788 4120 1963 4186 Rob.
2029 4121 2114 4185 de
2178 4120 2489 4206 Spenser,
2552 4121 2820 4185 Thoma

592 4224 925 4301 testiferO,
1006 4225 1212 4291 Walt’
1294 4225 1379 4290 de
1459 4225 1877 4301 Roderham‚
1958 4225 2186 4291 Will'o
2264 4225 2516 4301 Grime,
2597 4224 2818 4290 Alano

590 4310 945 4413 bfflyman.
986 4330 1197 4396 Henr.
1239 4329 1323 4395 de
1362 4330 1766 4414 CurtelegiO,
1809 4336 1878 4394 et
1917 4330 2154 4397 multis
2191 4331 2360 4395 aliis,

592 4456 854 4463 ——..-.—-

736 4510 751 4531 ¹
789 4504 903 4554 MS.
932 4503 1033 4555 has
1065 4510 1095 4527 “
1116 4504 1248 4555 dil.''
1398 4512 1417 4533 '¹
1454 4506 1566 4555 MS.
1594 4506 1696 4557 has
1727 4512 1756 4529 ‘⁶
1777 4506 2066 4573 polliper.”
