3217 5117
1142 444 1329 511 Acrs
1376 462 1468 510 or
1515 443 1873 510 CHAPTER.
2490 465 2619 529 219

399 624 908 708 sempiternam.
1005 623 1401 688 Cantariam
1445 629 1851 709 perpetuam
1895 623 1986 689 ad
2029 623 2245 689 altare
2287 624 2616 709 Assump-

400 728 612 792 cionis
661 729 862 792 beate
911 728 1121 792 Marie
1170 728 1466 813 Virginis
1514 728 1582 792 in
1632 728 1872 793 eadem
1921 728 2203 793 ecclesia
2251 729 2617 794 fundatam

401 853 523 916 per
548 838 841 897 mortem
870 832 1012 897 d'ni
1043 832 1302 897 Thome
1333 833 1596 899 Hawke
1626 832 1851 897 vltimi
1882 833 2285 917 possessoris
2313 833 2618 899 eiusdem

399 942 768 1001 vacantem
840 936 929 1001 ad
1001 935 1442 1002 collacionem
1515 942 1824 1001 nostram
1897 937 2098 1022 pleno
2171 938 2314 1003 iure
2385 943 2456 1002 et
2528 938 2619 1003 ad

399 1040 1034 1106 denominacionem
1095 1041 1333 1126 Mag’ri
1391 1041 1615 1124 Joh'is
1676 1041 2123 1106 Pakkenham
2181 1041 2610 1127 prebendarij

399 1144 742 1229 prebende
814 1145 899 1209 de
972 1144 1326 1209 Sharrowe
1398 1145 1466 1210 in
1540 1144 1729 1210 dicta
1800 1146 2080 1210 ecclesia
2152 1152 2221 1210 et
2293 1146 2615 1211 Canonici

402 1248 886 1333 Residenciarij
930 1250 999 1313 in
1038 1248 1278 1313 eadem
1315 1250 1444 1314 hac
1481 1250 1629 1314 vice
1665 1255 2097 1334 spectantem
2134 1250 2386 1316 dilecto
2420 1250 2617 1315 nobis

397 1353 468 1417 in
504 1354 665 1437 Xpo
697 1353 861 1418 d’no
893 1353 1080 1435 Joh'i
1114 1354 1470 1437 Shyrburn
1504 1354 1881 1438 presbitero
1913 1354 2325 1419 conferimus
2358 1354 2618 1421 intuitu

399 1457 729 1529 caritatis,
821 1458 1185 1543 ipsumque
1272 1458 1631 1524 dominum
1719 1457 1994 1542 Joh'em
2083 1459 2439 1542 Shyrburn
2527 1457 2617 1524 ad

400 1561 796 1627 Cantariam
843 1562 1223 1647 predictam
1317 1563 1761 1629 admittimus
1854 1570 1923 1628 et
2017 1563 2445 1629 instituimus
2538 1585 2617 1629 ac

399 1667 905 1753 presencialiter
962 1667 1389 1743 inuestimuS,
1452 1688 1718 1733 necnon
1780 1674 1849 1732 et
1910 1667 2141 1733 induci
2202 1667 2486 1733 fecimus
2548 1669 2615 1733 in

399 1771 638 1835 eadem
682 1792 840 1836 cum
881 1772 1022 1836 suis
1066 1772 1326 1837 iuribus
1369 1778 1441 1836 et
1483 1772 1731 1857 pertin.
1779 1772 2133 1837 Vniuersis,
2232 1772 2313 1837 In
2356 1794 2412 1837 e.
2462 1792 2511 1837 r.
2560 1778 2610 1837 t.

398 1876 518 1959 sig.
557 1896 623 1939 n.
664 1895 836 1960 pres,
878 1882 982 1939 est
1019 1896 1418 1960 appensum.
1517 1877 1680 1941 Dat.
1720 1877 2186 1942 sextodecimo
2221 1876 2329 1941 die
2366 1877 2617 1941 mensis

398 1979 748 2064 Februarii
791 1980 993 2045 Anno
1032 1981 1191 2045 D'ni
1232 1981 1468 2045 Mill’io
1505 1980 1910 2065 cccclxviijo.

576 2119 657 2183 In
686 2119 879 2184 cuius
908 2118 1277 2183 collacione
1309 2119 1750 2184 institucione
1780 2126 1849 2183 et
1882 2119 2281 2184 induccione
2311 2121 2620 2205 prefatus

395 2222 550 2287 d’ns
601 2223 837 2305 Joh’es
890 2222 1248 2307 Shyrburn
1301 2223 1577 2306 juratus
1630 2230 1735 2287 est
1788 2224 1879 2288 ad
1931 2223 2163 2288 omnia
2225 2231 2293 2288 et
2354 2226 2623 2310 singula

397 2327 868 2391 ordinaciones
915 2333 985 2391 et
1035 2347 1246 2391 onera
1295 2327 1363 2392 in
1412 2327 1916 2412 composicione
1964 2327 2270 2394 eiusdem
2316 2329 2621 2394 cantarie

397 2432 764 2496 contentis

395 2606 495 2683 76.
610 2600 784 2683 (307)
845 2599 1340 2664 PROTEs'rAmo
1393 2599 1480 2663 M.
1535 2599 1830 2682 Jon’ms
1882 2600 2244 2677 SENDALE,
2301 2618 2616 2666 PREBEN-

489 2721 696 2783 ΒΑΜ]
775 2720 872 2767 DE
941 2704 1214 2780 ΤΗοκΡ,
1291 2721 1522 2767 SUPER
1594 2704 2053 2769 Rsssmssncm
2124 2722 2201 2769 IN
2275 2722 2617 2769 ECCLEsm

487 2808 748 2873 R1120N’
801 2824 1094 2873 FIENDA.

575 2948 657 3013 In
690 2948 838 3025 Dei,
873 2954 981 3013 etc.
1023 2949 1137 3031 (an
1169 2955 1347 3013 exact
1386 2948 1719 3033 duplicate
1749 2949 1817 3030 os
1848 2948 1974 3014 No.
2010 2967 2072 3030 3,
2107 2950 2174 3031 os
2203 2970 2382 3014 same
2418 2950 2612 3033 date).

399 3116 578 3199 (308)
653 3116 1202 3180 TESTIMONIALE
1271 3115 1614 3180 CAPITULI
1689 3133 1903 3181 mci-E
1974 3134 2315 3181 EchEsm
2386 3135 2615 3182 SUPER

489 3236 702 3285 mem
750 3219 1210 3284 R1-:s1D1-:Nc1A
1259 3236 1494 3284 PLENE
1545 3236 1789 3285 FACTA.

573 3360 920 3425 Vniuersis
979 3360 1044 3425 S.
1110 3360 1197 3425 M.
1262 3360 1340 3425 E.
1405 3359 1564 3443 filijs
1625 3381 1797 3444 pres,
1860 3361 2126 3425 litteras
2186 3361 2609 3446 inspecturis,

391 3464 790 3549 Capitulum
834 3463 990 3529 eccl.
1038 3463 1201 3528 Coll.
1251 3464 1437 3528 beati
1482 3463 1668 3529 Petri
1712 3465 1879 3529 alias
1921 3465 2103 3530 dicte
2147 3466 2278 3531 S'ci
2320 3466 2613 3532 Wilfridi

391 3569 671 3653 Ripon',
733 3568 1026 3633 salutem
1085 3568 1154 3632 in
1215 3568 1514 3633 Domino
1572 3569 2065 3653 sempiternam
2124 3576 2195 3633 et
2252 3569 2458 3634 fidem
2516 3572 2615 3637 in-

389 3672 678 3737 dubiam
712 3672 1144 3756 presentibus
1175 3672 1519 3737 adhibere.
1618 3672 1907 3738 Nouerit
1940 3673 2352 3739 vniuersitas
2384 3681 2614 3740 vestra

387 3777 581 3862 quod
635 3796 793 3841 cum
849 3776 1256 3841 venerabilis
1311 3777 1660 3841 confrater
1712 3784 1947 3842 noster
2002 3778 2324 3863 Magister
2377 3779 2613 3861 Joh'es

387 3881 704 3956 Sendale,
756 3880 1138 3945 Canonicus
1186 3879 1344 3945 eccl.
1397 3880 1562 3946 Coll.
1617 3881 1945 3965 predicte,
1997 3902 2077 3945 30
2125 3882 2614 3966 prebendarius

384 3985 736 4071 prebende
784 3986 868 4049 de
914 3985 1148 4069 Thorp
1196 3985 1264 4049 in
1311 3984 1552 4049 eadem
1601 3985 2047 4050 residenciam
2094 4007 2291 4051 suam
2339 3988 2613 4052 canoni-

381 4090 608 4155 calem
641 4090 712 4155 in
745 4089 986 4154 eadem
1018 4090 1176 4154 eccl.
1213 4089 1376 4154 Coll.
1415 4089 1524 4153 die
1558 4090 1771 4166 Lune,
1808 4089 2132 4154 videlicet
2163 4090 2614 4157 decimonono

381 4195 501 4259 die
533 4193 786 4259 mensis
817 4193 1228 4258 Nouembris
1261 4193 1506 4258 vltimo
1539 4195 1891 4277 preterito,
1927 4195 2115 4259 facta
2145 4196 2463 4279 primitus
2496 4216 2616 4281 per

377 4300 616 4384 ipsum
657 4298 724 4362 in
764 4298 1035 4383 scriptis
1073 4319 1153 4362 ac
1192 4298 1640 4382 personaliter
1677 4304 1748 4361 et
1786 4298 1855 4362 in
1895 4298 2132 4363 debita
2172 4299 2391 4364 forma
2418 4300 2615 4365 iuxta

377 4400 960 4470 consuetudinem
1005 4409 1075 4466 et
1119 4408 1392 4467 statuta
1435 4402 1596 4467 eccl.
1647 4402 1951 4486 predicte
1996 4404 2499 4487 protestacione
2542 4404 2613 4469 in

374 4530 468 4575 ea
522 4510 720 4593 parte
773 4513 1124 4583 consueta,
1180 4506 1508 4592 inceperit
1556 4512 1626 4571 et
1674 4506 2121 4583 inchoauerit‚
2172 4528 2251 4573 ac
2304 4527 2424 4593 per
2476 4514 2614 4574 tres

2769 2630 2918 2679 1459-

2696 2684 2995 2748 incipiente

2714 2751 2849 2800 Mar.
2883 2764 2966 2815 25.

2720 3373 2963 3431 1459-60·

2715 3436 2844 3486 Feb.
2882 3452 2900 3486 1
2918 3451 2961 3485 1.
