3217 5117
1294 438 1757 504 CARTULARY.
2554 440 2639 523 87

1149 616 1325 701 (132)
1380 616 1493 681 DE
1541 632 1818 683 EODEM.

583 770 785 835 Omn.
846 770 1239 835 hominibus
1296 772 1386 836 ad
1440 792 1616 856 quos
1670 792 1770 856 pr.
1829 792 1956 837 scr.
2015 772 2427 856 peruenerit,
2489 772 2634 838 Ric.

412 872 659 949 Blund‚
696 895 792 940 sa.
835 876 904 939 in
943 875 1144 940 D'n0.
1242 874 1419 941 Nou.
1459 896 1569 939 me
1604 895 1769 941 rem.
1810 876 1951 953 rel„
1991 876 2075 940 de
2111 898 2220 941 me
2255 884 2326 941 et
2362 878 2503 940 her.
2543 897 2633 941 m.

407 978 548 1061 qui.
596 978 721 1042 cla.
774 978 843 1042 in
892 999 1105 1063 perp.,
1156 986 1225 1043 et
1274 981 1339 1044 h.
1391 1000 1491 1063 pr.
1540 1000 1667 1044 scr.
1720 1000 1810 1071 m.
1862 980 2043 1045 conf.
2094 980 2256 1045 d'no
2303 980 2532 1044 Will’o
2577 980 2638 1044 le

412 1082 693 1146 Vawsor
740 1103 865 1166 pro
914 1083 1221 1167 quadam
1269 1104 1541 1148 summa
1590 1085 1877 1168 pecunie
1925 1105 2139 1168 quarn
2189 1084 2392 1149 michi
2446 1084 2635 1149 dedit

406 1185 475 1249 in
530 1206 686 1251 meo
738 1187 1041 1271 negoci0‚
1092 1193 1322 1253 totum
1378 1188 1483 1252 ius
1537 1196 1606 1253 et
1654 1188 1979 1253 clamium
2026 1189 2214 1273 quod
2260 1190 2473 1254 habui
2526 1189 2639 1253 vel

407 1290 639 1375 aliquo
686 1297 997 1375 tempore
1041 1293 1293 1356 habere
1339 1292 1536 1376 potui
1582 1292 1652 1356 in
1700 1299 1852 1356 toto
1899 1299 2296 1357 tenemento
2343 1293 2412 1357 in
2457 1292 2636 1357 villis

406 1402 475 1459 et
520 1396 736 1460 territ.
785 1395 869 1460 de
918 1395 1166 1479 Ripon'
1214 1404 1283 1460 et
1328 1396 1604 1460 Aldfeld
1648 1396 1838 1481 quod
1881 1397 2094 1462 habui
2138 1397 2223 1462 de
2267 1397 2450 1461 dono
2492 1395 2636 1460 d'ni

408 1498 591 1563 Petri
633 1498 981 1583 Capellani
1020 1500 1373 1585 quondam
1415 1500 1742 1565 Canonici
1786 1500 2059 1585 Ripon’.
2159 1501 2339 1566 Hab.
2383 1507 2452 1565 et
2495 1506 2632 1565 ten.

404 1623 563 1668 cum
609 1610 782 1687 pert.
832 1604 961 1669 eid.
1012 1604 1175 1668 d'no
1220 1602 1449 1668 Will’o
1495 1612 1565 1668 et
1613 1604 1752 1668 her.
1801 1624 1854 1669 s,
1903 1604 2013 1668 vel
2059 1624 2193 1669 eor.
2244 1605 2517 1689 assign„
2565 1604 2632 1669 li.

403 1707 543 1790 qui.
582 1708 777 1783 bene,
814 1715 883 1772 et
918 1708 988 1772 in
1024 1728 1190 1792 pace
1226 1708 1295 1773 in
1331 1728 1518 1792 perp.
1619 1708 1732 1773 Ita
1764 1708 1904 1772 scil.
1943 1708 2131 1793 quod
2166 1729 2290 1773 nec
2323 1729 2448 1793 ego
2484 1707 2632 1773 Ric.

405 1831 529 1875 nec
592 1811 839 1896 aliquis
902 1813 1042 1877 her.
1110 1832 1199 1876 m.
1268 1812 1336 1876 in
1400 1833 1707 1895 prenom.
1776 1819 2175 1876 tenemento
2236 1833 2396 1877 cum
2459 1819 2633 1897 pert.

405 1914 666 1999 aliquid
736 1916 895 1980 iuris
961 1917 1072 1980 vel
1135 1916 1363 1981 clamii
1439 1917 1584 1981 iure
1650 1916 1760 1980 vel
1825 1917 2191 1981 hereditar’
2261 1916 2346 1980 de
2411 1923 2638 1980 cetero

405 2019 671 2103 exigere
713 2018 823 2083 vel
865 2020 1229 2089 vendicare
1272 2020 1672 2104 poterimus,
1773 2020 1853 2085 In
1896 2041 1952 2084 c.
2001 2040 2050 2084 r.
2098 2027 2257 2085 test.
2305 2020 2466 2085 huic
2507 2040 2631 2084 scr.

404 2123 523 2207 sig.
560 2143 649 2187 m.
685 2123 997 2208 apposui.
1095 2124 1183 2187 H.
1221 2131 1269 2187 t.
1306 2124 1484 2188 d'nis
1518 2123 1664 2188 Ric.
1698 2124 1784 2187 de
1818 2124 2068 2207 Boyuil
2099 2131 2168 2188 et
2200 2123 2463 2188 ceteris,

1097 2314 1273 2398 (133)
1330 2314 1441 2378 DE
1491 2331 1766 2379 EODEM.

584 2469 787 2533 Omn.
844 2468 961 2553 xpi
1012 2469 1126 2533 fid.
1182 2469 1273 2533 ad
1320 2490 1496 2554 quos
1546 2489 1719 2552 pres,
1775 2488 1898 2533 scr.
1955 2470 2364 2552 peruenerit,
2419 2468 2636 2533 Will’s

412 2571 499 2635 fil.
558 2570 735 2636 Gilb.
797 2572 885 2636 fil.
946 2572 1179 2637 Saueri
1234 2573 1319 2636 de
1378 2571 1653 2656 Ripon',
1711 2594 1805 2636 sa.
1864 2573 1935 2637 in
1992 2572 2192 2637 D’no.
2291 2572 2468 2638 Nou.
2527 2594 2636 2637 me

408 2696 595 2739 conc.
638 2695 801 2740 rem.
845 2682 914 2739 et
951 2676 1091 2760 qui.
1134 2677 1258 2741 cla.
1302 2696 1426 2759 pro
1464 2696 1573 2741 me
1613 2682 1682 2739 et
1720 2677 1858 2740 her.
1903 2696 1992 2740 m.
2035 2676 2105 2741 in
2143 2696 2331 2760 perp.
2377 2676 2636 2761 Mag'ro

409 2778 473 2861 J.
526 2778 843 2843 Romano
884 2780 1278 2844 subdecano
1322 2780 1529 2846 Ebor.
1577 2779 1855 2844 ecclesie
1899 2786 1968 2843 et
2012 2780 2357 2863 prebende
2401 2800 2520 2844 sue
2565 2781 2634 2845 in

410 2881 683 2967 Ripon’,
737 2889 967 2947 totum
1016 2883 1121 2948 ius
1169 2904 1400 2948 meum
1449 2890 1519 2947 et
1568 2884 1692 2949 cla.
1746 2884 1935 2968 quod
1985 2884 2196 2948 habui
2245 2882 2315 2948 in
2364 2884 2634 2950 duabus

409 2986 682 3052 bouatis
731 2993 908 3051 terre
956 3008 1115 3052 cum
1166 2993 1337 3071 pert.
1390 2987 1459 3052 in
1512 2987 1762 3071 Ripon’
1812 3008 1987 3072 quas
2045 2987 2277 3072 aliquo
2325 2993 2636 3072 tempore

408 3092 598 3155 tenui
639 3092 725 3154 de
766 3091 951 3175 preb.
998 3092 1209 3156 eiusd.
1255 3091 1495 3176 Mag’ri
1538 3091 1760 3174 Joh'is
1803 3090 2099 3156 Romani
2141 3092 2210 3155 in
2251 3091 2399 3156 ead.
2445 3091 2630 3167 villa,

409 3200 545 3259 ten.
588 3200 657 3258 et
698 3195 855 3259 hab.
899 3196 1027 3259 eid.
1072 3194 1333 3280 Mag'ro
1370 3201 1439 3258 et
1478 3196 1666 3279 preb.
1709 3216 1828 3260 sue
1867 3200 1934 3259 et
1975 3194 2334 3259 Canonicis
2372 3196 2441 3259 in
2480 3195 2628 3260 ead.

407 3299 594 3381 preb.
645 3299 1192 3374 succedentibuS‚
1243 3298 1492 3374 liberiS,
1542 3300 1806 3374 soluti5‚
1858 3306 1927 3363 et
1975 3300 2227 3383 quietis
2275 3299 2359 3362 de
2407 3318 2515 3363 me
2563 3306 2632 3363 et

408 3402 545 3466 her.
587 3423 677 3466 m.
720 3402 788 3466 in
828 3423 1015 3486 perp.
1052 3422 1065 3478 ;
1116 3424 1241 3487 pro
1278 3404 1409 3467 hac
1446 3410 1682 3467 autem
1718 3423 1907 3468 conc.
1949 3402 2171 3467 remis.
2214 3409 2283 3466 et
2321 3402 2461 3487 qui.
2503 3402 2628 3468 cla.

406 3507 731 3590 predictis
775 3506 838 3589 J.
878 3506 1197 3571 Romano
1235 3507 1630 3572 subdecano
1666 3507 1896 3583 Ebor.‚
1936 3507 2139 3571 michi
2173 3506 2366 3571 dedit
2402 3527 2633 3571 coram

408 3610 821 3693 Justiciariis
846 3623 863 3653 ¹
906 3611 1050 3675 d’ni
1086 3611 1291 3696 Regis
1332 3610 1738 3694 subscriptis
1781 3611 1968 3694 apud
2014 3610 2261 3695 Ripon'
2309 3611 2631 3675 itineran-

408 3714 615 3791 tibus,
668 3714 778 3779 die
829 3715 1109 3779 Veneris
1162 3735 1352 3799 prox.
1410 3722 1565 3799 post
1633 3716 1890 3780 festum
1954 3714 2085 3779 S’ci
2147 3714 2393 3797 Jacobi
2449 3714 2630 3799 Ap'li

406 3839 591 3883 anno
640 3819 827 3903 regni
876 3819 1049 3904 regis
1098 3818 1377 3883 Henrici
1426 3819 1544 3882 filii
1597 3819 1802 3903 Regis
1851 3818 2189 3901 Johannis
2238 3836 2343 3901 24,
2395 3819 2630 3883 decem

408 3942 673 3987 marcas
722 3923 984 4007 argenti
1039 3924 1177 4006 (vx.
1230 3924 1443 4005 mea)2
1489 3943 1721 3987 coram
1769 3922 2142 3987 iusticiario
2188 3928 2631 4007 comparente

404 4032 475 4090 et
551 4025 947 4091 remittente
1023 4027 1354 4112 quicquid
1438 4027 1602 4092 iuris
1681 4025 1925 4091 habuit
1996 4026 2064 4093 in
2142 4026 2353 4091 tercia
2430 4032 2628 4110 parte

405 4130 750 4195 dictarum
810 4132 1107 4196 duarum
1161 4133 1579 4197 bouatarum
1644 4138 1820 4195 terre
1882 4150 2042 4195 cum
2104 4135 2278 4215 pert.
2351 4130 2630 4195 nomine

406 4235 608 4299 dotis,
738 4235 825 4299 H.
888 4242 939 4299 t.
1008 4235 1185 4300 d'nis
1246 4236 1331 4301 de
1392 4236 1748 4311 CulewerS,
1814 4234 2065 4318 Jolano
2127 4234 2210 4298 de
2273 4232 2496 4311 Neuil,
2557 4240 2629 4299 et

404 4338 666 4403 ceteris

550 4530 565 4553 ¹
604 4524 717 4575 MS.
740 4526 840 4576 has
874 4532 905 4550 '⁸
928 4523 1366 4591 Justiciarium.''
1512 4530 1533 4553 ²
1572 4523 1840 4575 Inserted.

2701 2489 2852 2553 Jnly,
2889 2504 3036 2551 1240.
