3217 5117
286 2053 522 2102 Endow-

313 2124 511 2171 mente.

261 2490 458 2538 Duties
484 2491 541 2539 of

255 2556 542 2620 Chaplain.

629 437 757 504 244
1202 421 1261 485 T
1263 437 1362 485 HE
1410 419 1724 486 INGILBY
1770 419 2267 486 MANUscmPT.

629 620 708 665 ac
753 621 876 685 pro
921 601 1284 665 animabus
1328 600 1580 665 nostris
1624 621 1783 665 cum
1829 602 1919 665 ab
1961 601 2093 664 hac
2136 601 2287 666 luce
2328 599 2858 686 migrauerimus

629 727 709 769 ac
777 705 1175 790 migrauerit
1245 705 1494 790 aliquis
1562 711 1899 781 nostrum,
1971 711 2040 770 et
2110 705 2475 770 animabus
2544 705 2858 770 omnium

629 809 932 875 fidelium
1002 810 1508 884 defunctorum,
1573 810 1953 875 secundum
2016 810 2309 875 formam
2372 809 2855 884 ordinacioniS,

628 915 1169 1000 composicionis
1221 921 1290 979 et
1338 914 1759 979 condicionis
1807 934 1928 999 per
1976 933 2099 979 nos
2147 914 2261 998 pia
2308 913 2685 978 deuocione
2732 933 2859 998 pro

628 1018 1140 1084 sustentacione
1215 1018 1382 1082 dicti
1459 1017 1811 1103 Capellani
1886 1024 1955 1082 et
2032 1038 2313 1083 suorum
2387 1037 2857 1083 successorum

628 1123 1158 1207 imperpetuum,
1226 1144 1306 1187 ac
1368 1123 1903 1207 supportacione
1968 1129 2036 1186 et
2102 1122 2505 1187 inuencione
2567 1141 2859 1187 onerum

629 1227 1172 1311 subscriptorum
1213 1226 1494 1290 inferius
1535 1227 1883 1291 factarum
1924 1233 1993 1291 et
2034 1226 2530 1292 ordinatarum.
2626 1225 2857 1290 Noue-

629 1331 778 1395 ritis
809 1333 1025 1396 eciam
1059 1352 1184 1396 nos
1217 1331 1300 1395 de
1332 1331 1636 1406 licencia,
1665 1351 2021 1406 consensu,
2049 1331 2434 1406 voluntate,
2470 1336 2541 1394 et
2574 1350 2859 1394 assensu

629 1435 974 1520 predictiS,
1033 1435 1319 1509 dedisse,
1379 1433 1810 1510 concessisse,
1871 1441 1940 1498 et
1998 1435 2064 1499 h.
2126 1455 2191 1519 p.
2252 1455 2309 1499 0.
2370 1455 2436 1499 n.
2498 1434 2857 1518 tripartita

629 1539 1064 1605 confirmasse
1113 1540 1260 1604 Deo
1305 1538 1789 1622 Omnipotenti
1837 1544 1905 1603 et
1956 1540 2159 1603 beate
2206 1539 2465 1623 Virgini
2514 1538 2729 1602 Marie
2776 1559 2858 1602 30

629 1644 836 1709 beato
881 1644 1198 1708 Wilfrido
1242 1650 1310 1707 et
1358 1643 1517 1708 eccl.
1568 1642 1734 1708 Coll.
1786 1643 2071 1727 predict.
2123 1665 2203 1708 ac
2250 1643 2412 1708 d’no
2460 1642 2721 1708 Rob'to
2768 1643 2855 1707 de

627 1747 897 1812 Witton
959 1747 1326 1832 Capellano
1385 1746 1584 1812 Gilde
1646 1754 1717 1812 et
1776 1755 2106 1832 perpetue
2164 1748 2487 1812 Cantarie
2546 1748 2856 1833 predicte

629 1852 1015 1937 futurisque
1093 1851 1594 1916 successoribus
1674 1853 1815 1916 suis
1890 1852 2263 1936 capellanis
2340 1853 2849 1936 imperpetuum

626 1957 868 2021 missas
901 1963 969 2020 et
1003 1956 1138 2021 alia
1162 1956 1399 2020 diuina
1423 1955 1647 2020 officia
1678 1955 1767 2020 ad
1798 1955 2015 2020 altare
2048 1956 2435 2040 predictum
2468 1957 2535 2021 in
2571 1956 2850 2020 ecclesia

627 2060 987 2146 collegiata
1055 2060 1366 2145 predicta
1436 2059 1901 2137 celebraturis
1972 2060 2293 2126 vndecim
2360 2061 2714 2146 mesuagia
2782 2066 2852 2125 et

627 2165 972 2230 sexdecim
1005 2185 1196 2230 acras
1228 2170 1405 2228 terre
1437 2185 1594 2229 cum
1628 2163 2071 2249 pertinenciis
2102 2165 2172 2229 in
2206 2165 2481 2249 Ripon’,
2516 2165 2853 2249 Studelay

631 2269 876 2354 Roger,
931 2275 1000 2333 et
1053 2267 1619 2353 Northstanelay,
1674 2275 1878 2352 prout
1932 2269 2001 2333 in
2052 2269 2261 2334 cartis
2312 2269 2471 2334 inde
2518 2269 2855 2334 confectis

629 2373 894 2458 plenius
958 2373 1373 2449 continetur,
1442 2372 1762 2438 Habend.
1830 2373 2341 2457 imperpetuum
2408 2373 2475 2438 in
2540 2373 2852 2449 liberam,

630 2498 897 2562 puram,
939 2484 1009 2542 et
1048 2479 1553 2561 imperpetuam
1592 2476 2056 2542 elemosinam.
2153 2477 2487 2542 Volumus
2522 2477 2743 2543 eciam
2782 2485 2855 2542 et

631 2582 1028 2647 ordinamus
1096 2581 1284 2666 quod
1356 2580 1705 2664 predictus
1776 2581 1929 2645 d’ns
2001 2581 2369 2658 RobertuS,
2443 2581 2855 2666 Capelianus

631 2685 828 2752 Gilde
885 2693 954 2750 et
1012 2685 1332 2750 Cantarie
1389 2684 1675 2768 predict.
1738 2691 1807 2749 et
1864 2705 2283 2750 successores
2338 2687 2443 2751 sui
2500 2685 2855 2770 Capellani

630 2811 866 2856 omnes
924 2796 993 2854 et
1050 2789 1296 2874 singuli
1354 2809 1478 2873 pro
1534 2789 1791 2853 salubri
1850 2795 2045 2854 statu
2100 2796 2358 2866 nostr0,
2418 2791 2858 2876 fratrumque

632 2896 751 2979 (et)
765 2906 782 2935 ¹
809 2914 1119 2959 sororum
1141 2892 1340 2958 Gilde
1363 2893 1667 2977 predicte
1690 2894 2083 2959 viuencium
2108 2915 2189 2959 ac
2210 2894 2576 2960 animabus
2600 2895 2857 2960 nostris

628 3004 785 3082 post
818 3006 1132 3063 nostrum
1164 2997 1537 3073 decessum,
1575 2997 2076 3082 animabusque
2109 2998 2403 3062 fratrum
2434 3004 2507 3062 et
2538 3019 2855 3064 sororum

627 3102 912 3187 predict.
945 3103 1392 3185 omniumque
1421 3101 1725 3166 fidelium
1756 3101 2239 3167 defunctorum
2270 3103 2511 3167 missas
2540 3109 2856 3187 tempore

624 3228 765 3292 quo
842 3206 1218 3291 prefatum·
1269 3204 1460 3269 d'nm
1543 3205 1879 3270 Rob'tum
1958 3205 2405 3290 Capelianum
2485 3213 2609 3271 aut
2690 3227 2855 3272 suos

625 3330 1042 3376 successores
1111 3309 1505 3374 huiusmodi
1574 3308 1833 3374 dictam
1905 3309 2303 3375 Cantariam
2372 3331 2711 3395 occupare
2778 3319 2853 3376 et

627 3415 970 3500 possidere
1024 3413 1472 3497 contingebat
1494 3425 1517 3450 ²
1563 3413 1845 3498 singulis
1891 3413 2154 3490 diebus
2204 3420 2515 3478 cessante
2562 3415 2855 3498 impedi-

625 3526 862 3584 mento
903 3518 1228 3603 legitimo,
1265 3516 1354 3580 ad
1393 3516 1609 3580 altare
1644 3517 2031 3600 predictum
2072 3518 2282 3583 modo
2322 3518 2561 3583 debito
2601 3520 2855 3603 imper-

627 3629 914 3708 petuum
983 3620 1355 3686 celebrabit
1424 3626 1494 3684 et
1562 3621 2030 3698 celebrabunt,
2101 3629 2173 3686 et
2239 3623 2427 3707 quod
2496 3623 2625 3707 ipsi
2694 3623 2856 3688 d'ns

628 3727 926 3792 Rob'tus
978 3725 1387 3810 capellanus
1439 3729 1509 3787 et
1562 3725 1771 3788 ceteri
1822 3745 2243 3791 successores
2294 3727 2399 3791 sui
2454 3727 2853 3792 huiusmodi

625 3831 823 3896 Gilde
879 3836 948 3894 et
1007 3827 1326 3894 Cantarie
1383 3827 1731 3912 Capellani
1790 3829 2301 3914 imperpetuum
2358 3831 2679 3916 quolibet
2738 3832 2855 3897 die

623 3937 692 4000 in
748 3935 888 4000 suis
943 3933 1163 3998 missis
1219 3931 1608 3997 huiusmodi
1667 3939 1875 4017 prout
1929 3933 2025 3997 eis
2080 3934 2321 4000 melius
2378 3941 2450 4000 et
2504 3936 2857 4001 salubrius

623 4039 943 4104 videatur
991 4037 1309 4122 expedire
1351 4037 1740 4102 oracionem
1783 4037 2171 4122 specialem,
2216 4038 2537 4103 videlicet
2591 4047 2629 4070 “
2663 4040 2857 4105 Deus

619 4147 818 4212 venie
839 4144 1221 4231 largitor,’'3
1246 4149 1400 4220 etc„
1424 4163 1505 4208 ac
1525 4151 1683 4228 post
1704 4146 1995 4210 verbum
2020 4152 2058 4176 “
2081 4145 2500 4211 transierunt
2524 4146 2561 4168 ”
2586 4147 2855 4212 addan-

621 4259 736 4318 tur
772 4253 902 4316 hac
938 4251 1172 4324 verba,
1217 4248 1256 4274 “
1286 4247 1398 4311 vel
1427 4268 1600 4332 quos
1635 4269 1910 4332 presens
1941 4250 2247 4315 seculum
2280 4250 2508 4315 adhuc
2540 4251 2611 4315 in
2644 4272 2857 4316 carne

763 4419 776 4440 ¹
817 4411 932 4460 Not
953 4411 1008 4458 in
1037 4411 1148 4460 MS.
1296 4417 1316 4440 ²
1354 4413 1428 4462 So
1452 4413 1509 4461 in
1537 4412 1670 4467 MS„
1701 4413 2037 4475 apparently
2065 4412 2149 4461 for
2180 4419 2213 4440 ⁴⁶
2234 4413 2584 4479 contingat.”

761 4504 780 4536 ³
818 4500 973 4551 York
999 4500 1186 4548 Missal
1215 4501 1502 4566 (Surtees),
1539 4501 1615 4556 11,
1652 4501 1877 4563 187T'‘··
