3217 5117
310 1563 461 1625 1465,

255 1629 391 1677 Mar.
424 1640 506 1691 25.

308 2201 462 2263 ¹465,

254 2266 389 2329 July
424 2269 501 2315 18.

258 2334 399 2397 Abp.
442 2333 507 2381 G.

276 2399 489 2448 Nevile.

260 3784 505 3914 Jdsstfi{⁹5.

286 4296 497 4357 1466-7.

260 4363 392 4412 Feb.
424 4364 507 4413 26.

263 4429 406 4493 Abp.
448 4430 516 4480 G.

286 4494 497 4544 Nevile.

604 452 733 521 228
1178 455 1335 522 THE
1384 456 1699 523 Incum’
1747 456 2242 521 MAancmP‘r.

604 635 983 699 necessaria
1028 635 1279 701 fuerint
1325 636 1433 700 vel
1476 636 1696 701 eciam
1739 642 2106 720 oportuna,
2151 634 2366 700 Vobis
2407 632 2833 699 coniunctim

606 743 679 802 et
716 737 992 804 diuisim
1033 746 1267 805 tenore
1305 741 1732 824 presencium
1771 740 2275 805 committimus
2311 738 2498 803 vices
2535 744 2832 812 nostras,

608 862 767 907 cum
800 844 1161 909 cuiuslibet
1195 845 1614 910 cohercionis
1647 844 1974 909 canonice
2007 849 2378 929 potestate.
2475 842 2558 907 In
2593 863 2651 907 c,
2689 862 2741 906 r.
2779 847 2834 905 t.

609 947 903 1031 sigillum
950 955 1262 1014 nostrum
1310 950 1746 1033 presentibus
1791 948 2259 1033 apposuimus,
2391 947 2558 1012 Dat.
2607 947 2676 1011 in
2721 945 2836 1010 do,

610 1053 759 1117 n'ra
800 1052 1175 1137 Capitulari
1220 1054 1471 1138 Ripon’
1516 1053 1927 1119 duodecimo
1975 1053 2083 1118 die
2129 1051 2383 1117 mensis
2425 1052 2586 1135 Maij
2634 1050 2843 1115 Anno

612 1157 773 1223 D'ni
806 1157 1091 1222 Mill’mo
1126 1171 1363 1223 cccc¹¹¹0
1398 1159 1824 1244 sexagesimo
1860 1164 2132 1243 quart0.

614 1324 789 1407 (324)
868 1324 1359 1407 (Protestation
1424 1324 1495 1389 of
1554 1324 1900 1389 residence
1961 1331 2037 1391 to
2099 1325 2184 1387 be
2249 1324 2418 1407 kept
2487 1323 2582 1406 by
2651 1320 2842 1405 John

694 1426 1115 1512 Southwell).

785 1571 869 1637 In
919 1572 1047 1637 Dei
1098 1572 1397 1650 nomine,
1447 1574 1692 1638 Amen.
1804 1572 2073 1647 Coram,
2126 1577 2262 1646 etc„
2314 1591 2391 1635 as
2437 1570 2514 1635 in
2563 1569 2694 1634 Νο.
2745 1587 2838 1649 3;

612 1676 757 1741 Isto
802 1677 980 1741 festo
1020 1677 1604 1743 Annunciacionis
1649 1679 1851 1742 beate
1895 1676 2108 1741 Marie
2153 1675 2470 1761 VirginiS‚
2515 1673 2840 1738 videlicet

608 1780 935 1847 vicesimo
980 1782 1228 1867 quinto
1273 1781 1383 1846 die
1434 1781 1688 1847 mensis
1741 1781 2004 1865 Marcij,
2057 1780 2426 1865 incipiente
2476 1799 2663 1844 anno
2711 1778 2838 1843 Doi

610 1880 771 1949 M'mo
806 1907 961 1951 cccc
996 1888 1419 1972 sexagesimo
1455 1886 1724 1971 quintO.

768 2052 943 2136 (325)
1002 2050 1352 2132 (Mandate
1404 2057 1479 2116 to
1526 2050 1766 2117 induet
1815 2050 1939 2115 Mr.
1994 2050 2178 2134 John
2228 2049 2678 2131 Pakenham).

784 2192 1112 2278 Georgius
1157 2246 1170 2258 .
1221 2246 1233 2258 .
1284 2208 1323 2258 .¹
1370 2194 1547 2279 Quia
1588 2214 1714 2259 nos
1755 2193 2259 2259 Canonicaturn
2301 2200 2370 2257 et
2413 2192 2842 2278 prebendam

610 2297 695 2362 de
726 2297 1038 2362 Sharrow
1068 2298 1137 2361 in
1167 2297 1357 2362 dicta
1385 2305 1623 2363 nostra
1653 2299 1812 2363 eccl.
1846 2297 2096 2383 Colleg.
2133 2298 2362 2382 Ripon
2391 2317 2513 2383 per
2541 2304 2841 2361 mortem

610 2401 752 2466 d’ni
796 2402 1034 2466 Rob’ti
1082 2402 1389 2487 Baguley
1436 2454 1449 2467 .
1500 2454 1513 2468 .
1565 2413 1607 2467 .¹
1660 2403 1831 2467 M’ro
1875 2402 2183 2495 Johanni
2229 2402 2628 2467 Pakenham
2672 2401 2839 2467 eccl.

608 2512 841 2571 nostre
901 2507 1108 2571 Ebor.
1175 2506 1629 2571 Thesaurario
1691 2507 2113 2573 contulimus
2175 2507 2436 2572 intuitu
2497 2506 2840 2582 caritatis,

606 2610 969 2695 ipsumque
1013 2610 1423 2675 canonicum
1468 2616 1538 2675 et
1585 2611 2120 2694 prebendarium
2167 2610 2511 2676 dictorum
2556 2610 2842 2675 canoni-

607 2720 805 2779 catus
845 2720 915 2778 et
957 2715 1302 2798 prebende
1344 2715 1862 2780 investituimus
1903 2722 1972 2780 et
2015 2716 2530 2780 investituimus
2577 2714 2718 2799 (sic)
2768 2716 2844 2779 in

608 2825 678 2883 et
716 2818 801 2883 de
840 2818 1122 2894 eisdem,
1159 2818 1357 2882 vobis
1394 2819 1808 2884 mandamus
1845 2820 2176 2904 quatinus
2214 2820 2318 2901 (79
2339 2821 2432 2904 ν.)
2475 2819 2657 2883 circa
2687 2838 2846 2904 pre-

615 2923 839 2988 fatum
910 2923 1250 3007 Mag'rum
1317 2922 1593 3006 Joh’em
1665 2923 2066 2989 Pakenham
2133 2944 2254 2989 seu
2321 2929 2844 3007 procuratorem

610 3047 813 3093 suum
850 3027 993 3092 eius
1028 3027 1305 3093 nomine
1342 3027 1630 3093 vlterius
1666 3028 2104 3113 exequamini
2141 3028 2210 3092 in
2249 3028 2378 3092 hac
2413 3034 2614 3112 parte
2647 3027 2844 3112 quod

610 3138 712 3197 est
761 3138 1089 3196 vestrum.
1187 3132 1349 3197 Dat.
1400 3137 1641 3197 nostro
1688 3134 1816 3197 sub
1863 3132 2082 3219 sigillo
2128 3154 2268 3218 quo
2315 3132 2420 3196 vti
2465 3151 2844 3197 consueue-

610 3236 822 3301 rimus
859 3235 1027 3301 dum
1065 3236 1291 3300 eccl’ie
1331 3235 1507 3300 cath
1572 3237 1794 3301 Exon.
1837 3237 2385 3303 ministrauimus
2421 3236 2491 3301 in
2531 3236 2846 3301 Manerio

611 3347 847 3406 nostro
885 3340 970 3404 de
1008 3340 1069 3403 le
1108 3340 1295 3404 More
1334 3340 1533 3405 iuxta
1573 3341 2262 3425 Rickemaynsworth
2303 3341 2614 3406 Lincoln.
2657 3340 2840 3405 dioc.

612 3443 876 3509 decimo
920 3451 1170 3510 octauo
1212 3444 1322 3508 die
1366 3446 1618 3509 mensis
1666 3444 1834 3529 Julij
1882 3445 2085 3512 Anno
2129 3445 2290 3510 D’ni
2335 3445 2571 3509 Mill’io
2617 3445 2844 3530 quad-

610 3550 1097 3636 ringentesimo
1135 3550 1559 3635 sexagesimo
1600 3553 1698 3612 νω
1738 3556 1808 3615 et
1855 3556 2088 3615 nostre
2131 3549 2607 3615 translacionis
2649 3570 2844 3614 anno

612 3673 854 3739 primo,

790 3782 1073 3847 Presens
1163 3782 1575 3848 mandatum
1667 3790 1815 3849 erat
1908 3790 2382 3869 presentatum
2474 3790 2542 3848 et
2636 3782 2845 3868 plene

614 3893 979 3952 executum
1018 3886 1089 3951 in
1126 3885 1334 3952 domo
1376 3886 1698 3972 Capitulo
1738 3893 1931 3954 xxvh‘·
1971 3887 2079 3953 die
2120 3888 2376 3953 mensis
2415 3887 2580 3972 Julij
2625 3888 2842 3953 Anno

615 3992 776 4057 D'ni
816 3990 1051 4055 Min’io
1087 4002 1317 4056 ccccm
1352 3991 1543 4057 lxvt0.
2162 3986 2175 3992 ’

824 4156 1000 4242 (326)
1063 4155 1413 4239 (Mandate
1459 4164 1535 4222 to
1580 4156 1823 4224 induet
1871 4159 1992 4224 Mr.
2042 4158 2230 4242 John
2278 4158 2633 4243 Shirwod).

792 4298 1120 4385 Georgius
1162 4350 1175 4365 .
1222 4351 1235 4365 .
1282 4310 1327 4364 ,¹
1370 4300 1550 4385 Quia
1586 4321 1713 4365 nos
1751 4300 2250 4366 Canonicatum
2288 4302 2358 4365 in
2397 4300 2554 4366 eccl.
2596 4306 2840 4366 nostra

616 4404 989 4489 Collegiata
1042 4403 1290 4487 Ripon'
1345 4405 1700 4470 antedicta
1750 4412 1818 4469 et
1873 4404 2294 4488 prebendam
2347 4403 2431 4469 de
2480 4403 2712 4490 Thorp
2763 4406 2840 4471 in

618 4518 688 4524 —
723 4517 1202 4524 ———-
1245 4518 1366 4523 ——-
1401 4519 1415 4524 0

762 4558 777 4580 ¹
817 4554 991 4607 Usual
1016 4554 1174 4605 form.
