3217 5117
618 432 701 497 54
1166 412 1335 477 THE
1388 412 1698 477 INmLssY
1753 411 2276 477 Mmuscmpr.

1275 590 1407 675 (71)
1461 590 1704 656 CARTA
1753 608 1849 654 DE
1898 606 2172 655 EODEM.

256 726 303 761 c.
346 715 515 805 ¹2¹2}-
792 720 1027 785 Sciant
1077 740 1249 804 preS.
1305 725 1373 783 et
1426 720 1553 786 suti
1608 720 1798 805 quod
1850 741 1975 805 ego
2023 718 2374 784 Galfridus
2425 717 2508 782 de
2560 714 2840 788 Larder,

223 792 559 908 5001333'72,
615 824 998 889 Canonicus
1038 824 1289 909 Ripon,
1331 825 1489 890 dedi
1526 845 1716 889 cone.
1759 830 1828 888 et
1866 825 1932 888 h.
1976 845 2040 908 p.
2083 845 2139 888 c.
2182 844 2272 887 m.
2315 821 2495 887 conf.
2538 821 2607 884 in
2647 838 2838 903 perp.

616 929 696 992 el.
752 928 841 994 ad
890 934 1340 1014 augmentum
1389 928 1669 993 luminis
1718 930 1958 994 tumbe
2007 928 2192 993 beati
2244 926 2561 1001 Wilfridi,
2613 929 2841 988 totam

617 1039 873 1098 terram
928 1033 997 1097 in
1056 1032 1296 1098 eadem
1351 1033 1518 1098 villa
1572 1054 1707 1117 que
1765 1039 1868 1097 est
1926 1033 2010 1097 de
2067 1031 2414 1116 prebenda
2473 1050 2626 1094 mea
2681 1034 2843 1112 post

615 1156 808 1223 sepes
845 1157 979 1221 que
1018 1136 1180 1201 olim
1220 1137 1444 1201 fuerat
1483 1136 1781 1202 Aldelini
1819 1136 1904 1201 de
1945 1136 2278 1219 Prestlay,
2319 1140 2548 1220 preter
2586 1139 2842 1197 terram

614 1261 827 1325 quam
880 1240 1203 1306 dederam
1256 1247 1419 1305 ante
1471 1240 1733 1306 Thome
1785 1241 1870 1306 de
1923 1241 2207 1305 Skelton
2259 1259 2424 1304 coco
2475 1258 2650 1311 me0,
2705 1256 2842 1320 que

616 1345 823 1410 durat
862 1366 903 1410 a
940 1346 1148 1410 domo
1186 1345 1353 1410 dicti
1390 1346 1652 1410 Thome
1690 1366 1908 1431 vsque
1947 1352 2201 1410 terram
2239 1364 2374 1429 que
2413 1344 2639 1408 suerat
2677 1339 2841 1405 olim

614 1449 876 1515 Aluene
920 1456 989 1515 et
1022 1448 1235 1515 Alicie
1279 1448 1363 1515 de
1396 1450 1780 1535 Grengelay
1825 1472 2061 1516 versus
2105 1451 2439 1515 orientem
2471 1469 2484 1524 ;
2536 1446 2836 1514 habend.

615 1559 685 1617 et
770 1552 1044 1619 tenend.
1132 1553 1404 1620 custodi
1488 1554 1779 1640 predicti
1863 1554 2161 1630 luminiS‚
2248 1552 2598 1618 reddendo
2681 1550 2842 1616 inde

616 1658 979 1723 annuatim
1024 1658 1331 1723 Waltero
1378 1660 1461 1723 de
1511 1659 1760 1724 Hawes
1807 1666 1876 1723 et
1925 1659 2150 1724 hered.
2201 1680 2253 1723 s,
2305 1658 2424 1742 ijd.
2475 1654 2840 1722 annuatim

616 1782 740 1846 pro
775 1763 961 1827 omni
996 1762 1281 1827 seruicio
1317 1769 1385 1827 et
1421 1764 1786 1829 exaccione
1821 1770 1891 1828 et
1926 1763 2291 1839 demanda,
2329 1762 2468 1827 scil.
2508 1760 2840 1826 medieta-

614 1872 757 1931 tem
806 1866 895 1932 ad
943 1867 1138 1932 Pent.
1190 1874 1259 1931 et
1307 1868 1483 1932 med.
1537 1868 1627 1933 ad
1675 1868 1929 1933 festum
1971 1868 2104 1933 S'ci
2152 1867 2452 1941 Martini,
2503 1866 2605 1931 ita
2649 1864 2836 1951 quod

615 1976 845 2035 totum
918 1971 1266 2036 residuum
1340 1972 1788 2037 emolumenti
1862 1972 2165 2056 predicte
2238 1978 2417 2036 terre
2490 1970 2692 2035 cedat
2768 1970 2836 2035 in

613 2096 815 2140 vsum
881 2082 949 2139 et
1015 2076 1382 2141 comodum
1447 2076 1739 2160 predicti
1804 2076 2082 2142 luminis
2137 2077 2282 2141 sine
2347 2074 2833 2141 diminucione.

614 2179 729 2259 Et,
773 2186 854 2244 vt
898 2181 1021 2244 hec
1062 2200 1217 2245 mea
1258 2180 1548 2245 donacio
1590 2188 1746 2245 rata
1787 2187 1858 2246 et
1899 2180 2167 2245 stabilis
2208 2185 2631 2264 permaneat,
2677 2178 2838 2243 huic

612 2290 799 2349 carte
836 2283 1028 2370 sigill.
1069 2305 1159 2349 m.
1200 2285 1510 2369 apposui.
1609 2285 1760 2349 Hiis
1797 2286 2112 2361 testibu5‚
2153 2284 2414 2370 Mag'ro
2449 2283 2714 2348 Thoma
2752 2282 2838 2347 de

616 2388 948 2473 Kirkeby,
1018 2389 1244 2453 Will’o
1310 2389 1393 2453 de
1461 2389 1795 2465 Masham,
1866 2390 2071 2455 Petro
2137 2390 2221 2454 de
2285 2388 2598 2473 AywiIla,
2668 2394 2838 2453 tunc

614 2492 891 2568 balliuo,
957 2492 1181 2558 Rob'o
1241 2493 1324 2557 de
1388 2493 1785 2578 Biscopton,
1849 2494 2011 2559 d'no
2072 2494 2447 2577 Jeronim0‚
2510 2492 2834 2567 Will'm0,

612 2597 885 2680 Joh'ne,
939 2597 1172 2673 vicar.,
1231 2597 1503 2663 Simone
1569 2598 1871 2673 Castlok,
1925 2599 2232 2664 Waltero
2284 2598 2424 2663 filio
2477 2597 2832 2673 Bernardi‚

613 2701 872 2766 Rob’to
910 2701 1420 2786 Dispensatore,
1459 2701 1771 2767 Gilberto
1807 2702 1867 2766 V
1871 2702 2168 2778 initari0,
2209 2708 2277 2767 et
2316 2701 2554 2767 multis
2591 2701 2761 2767 aliis.

1271 2872 1403 2953 (72)
1457 2869 1701 2935 CARTA
1750 2888 1846 2934 DE
1894 2888 2169 2936 EODEM.

308 3028 458 3078 1233·
786 3010 889 3076 Sc.
941 3031 1122 3076 omn.
1172 3018 1319 3076 tam
1366 3031 1465 3096 pr.
1514 3034 1728 3097 quam
1775 3014 1902 3077 fut.
1951 3013 2138 3097 quod
2183 3033 2307 3098 ego
2353 3011 2703 3078 Galfridus
2749 3012 2834 3076 de

252 3082 385 3132 Feb.
422 3096 501 3132 ¹⁰¹
610 3116 868 3182 Larder
906 3116 1290 3181 Canonicus
1331 3115 1581 3200 Ripon’
1627 3116 1806 3191 dedi,
1849 3137 2036 3181 conc.
2081 3121 2152 3180 et
2193 3116 2257 3180 h.
2303 3136 2368 3200 p.
2414 3137 2469 3180 e.
2513 3137 2604 3183 m.
2649 3116 2830 3180 conf.

607 3220 678 3287 in
741 3241 890 3305 pur.
958 3226 1028 3284 et
1090 3241 1278 3305 perp.
1347 3221 1425 3285 el.
1494 3220 1652 3285 eccl.
1722 3220 1854 3286 S'ci
1917 3219 2211 3285 Wilfridi
2274 3221 2360 3285 de
2425 3220 2675 3305 Ripon'
2742 3221 2832 3285 ad

608 3325 1193 3391 sustentacionem
1254 3325 1425 3389 cerei
1486 3328 1727 3390 tumbe
1787 3325 1974 3391 illam
2033 3326 2477 3391 medietatem
2539 3325 2701 3390 tosti
2761 3326 2832 3390 in

612 3429 1063 3515 Staynbrigat
1126 3430 1196 3494 in
1264 3429 1511 3513 Ripon’
1578 3451 1790 3514 quam
1855 3429 1986 3494 emi
2051 3430 2136 3494 de
2199 3430 2416 3495 Alicia
2476 3430 2832 3515 quondam

610 3554 822 3598 vxore
887 3534 1200 3618 Hugonis
1262 3534 1346 3598 de
1411 3533 1674 3599 Barton
1736 3535 1806 3599 in
1867 3534 2210 3600 viduitate
2273 3556 2416 3611 sua,
2483 3535 2832 3600 reddendo

612 3639 956 3705 Canonico
988 3638 1269 3704 domino
1302 3638 1604 3704 eiusdem
1640 3638 1821 3703 feodi
1853 3640 1923 3703 in
1959 3640 2372 3705 Inuencione
2408 3640 2556 3705 S'ce
2600 3640 2832 3706 Crucis

186 3760 230 3808 Α
258 3758 384 3823 pint
403 3760 461 3809 οε
482 3760 579 3809 ale.
612 3744 632 3828 j
682 3743 1061 3809 sextarium
1100 3743 1381 3808 ceruisie
1422 3764 1541 3828 per
1580 3765 1839 3809 annum
1881 3764 2004 3827 pro
2043 3744 2362 3809 omnibus
2401 3746 2703 3810 seruiciis
2742 3746 2831 3812 ad

619 3849 742 3931 (25)
815 3868 972 3913 eum
1037 3848 1563 3933 pertinentibuS.
1705 3850 1794 3913 Et
1851 3855 2161 3934 preterea
2223 3849 2243 3933 j
2318 3849 2575 3915 toftum
2642 3851 2831 3936 quod

614 3952 882 4018 adiacet
942 3954 1125 4017 tofto
1186 3952 1431 4017 Aluine
1491 3953 1575 4017 de
1631 3952 1926 4038 Gringel'
1977 3973 2214 4017 versus
2260 3954 2684 4020 occidentem
2746 3955 2830 4019 de

612 4058 852 4123 eadem
896 4057 1265 4141 prebenda,
1314 4057 1693 4122 Reddendo
1736 4056 1893 4120 inde
1935 4056 2099 4121 d'no
2139 4056 2442 4122 eiusdem
2485 4059 2829 4143 prebende

610 4160 805 4245 iiijd.,
848 4160 966 4244 ijd.
1009 4160 1099 4225 ad
1140 4160 1334 4225 Pent.
1379 4166 1449 4225 et
1486 4161 1605 4243 ijd.
1651 4161 1737 4225 ad
1779 4161 1930 4225 fest.
1976 4162 2107 4226 S’ci
2148 4162 2425 4227 Martini
2465 4166 2828 4229 annuatim

608 4285 733 4349 pro
811 4264 996 4329 omni
1075 4264 1362 4328 seruicio
1440 4264 1530 4329 ad
1608 4286 1765 4329 eum
1844 4265 2250 4349 pertinente.
2346 4267 2440 4331 Et
2518 4274 2827 4351 preterea

602 4369 804 4436 iuxta
856 4369 1139 4434 domum
1194 4368 1432 4433 Aldus’
1493 4368 1682 4434 Brun
1731 4376 1984 4435 terram
2031 4371 2346 4453 proximo
2393 4372 2824 4439 adiacentem

605 4496 843 4541 versus
882 4474 1295 4561 aquilonem,
1341 4473 1721 4538 Reddendo
1763 4475 1918 4539 inde
1959 4477 2319 4541 annuatim
2363 4477 2587 4541 Rob'o
2626 4479 2825 4544 fabro
