3217 5117
287 1188 432 1245 1464.

219 1252 370 1315 Sept.
409 1266 484 1301 10.

218 1344 504 1393 Intimcccio

195 1411 323 1459 dicti
351 1412 534 1459 statuti

155 1479 298 1539 lacta
331 1478 560 1527 Falconi

221 1544 487 1593 Burman-

236 1612 468 1660 chelium.

243 2812 386 2861 Nota
412 2812 472 2861 de

209 2878 513 2956 Residenci-

251 2960 403 3009 artJS.
439 2952 452 2973 ¹

195 3039 268 3088 01
289 3038 523 3101 keeping

210 3106 506 3154 residence.

199 4156 315 4204 The
343 4170 524 4204 canon

179 4224 236 4272 in
264 4222 542 4271 residence

201 4298 261 4339 to
287 4290 356 4337 be
381 4288 437 4336 in
466 4292 526 4337 at

250 4357 470 4406 curiew.

589 468 718 533 234
1163 450 1322 515 THE
1373 451 1689 516 INGILBY
1738 450 2235 515 MANUSCRIPT.

585 650 764 705 suos
842 630 1348 714 comodumque
1429 629 1771 715 singulare
1854 635 1924 693 et
2005 628 2354 713 priuatam
2429 630 2810 694 vtilitatem

585 741 1001 810 conuertere,
1038 734 1318 819 perinde
1349 755 1430 799 ac
1461 734 1518 798 si
1559 734 1749 799 dicta
1788 733 2140 818 prebenda
2180 734 2463 798 omnino
2502 741 2807 809 vacaret,

585 838 802 903 donec
879 839 964 904 de
1041 839 1370 904 canonica
1440 838 1851 903 admissione
1928 844 1997 902 et
2068 838 2291 903 forma
2360 837 2812 922 prestacionis

585 943 952 1008 iuramenti
1012 943 1403 1009 huiusmodi
1464 941 1893 1027 prebendarij
1960 941 2262 1027 legitime
2321 943 2673 1020 doceatur,
2736 950 2809 1007 et

588 1048 776 1113 dicto
811 1048 1131 1132 Capitulo
1167 1047 1582 1112 sufficienter
1618 1046 2022 1112 declaretur.

762 1202 1158 1286 Capitulum
1207 1202 1481 1267 ecclesie
1528 1200 1902 1287 Collegiate
1952 1201 2203 1286 Ripon'
2239 1201 2611 1267 venerabili
2659 1202 2810 1266 viro

587 1306 869 1371 Fulconi
919 1306 1536 1371 Barmamcheham
1593 1307 1858 1371 fructus
1904 1312 1974 1371 et
2023 1313 2363 1391 prouenta
2408 1306 2480 1371 in
2526 1306 2811 1371 ecclesia

586 1410 959 1496 Collegiata
1014 1410 1322 1495 predicta
1379 1432 1459 1475 ac
1515 1410 1859 1495 prebende
1915 1411 1999 1475 de
2058 1411 2381 1494 Stodeley
2438 1411 2507 1475 in
2564 1411 2808 1476 eadem

587 1515 952 1599 occupanti
1010 1521 1078 1579 et
1138 1514 1560 1600 percipienti,
1620 1515 1915 1580 salutem
1973 1515 2042 1579 in
2102 1514 2420 1580 Domino,
2516 1514 2809 1580 Nouerit

587 1620 974 1684 reuerencia
1038 1625 1270 1684 vestra
1334 1619 1543 1704 quod,
1616 1619 1941 1703 inspectis
2006 1619 2309 1704 registris
2374 1626 2443 1683 et
2511 1619 2808 1685 archiuis

587 1724 858 1799 nostriS,
930 1724 1107 1787 inter
1173 1732 1400 1788 cetera
1465 1724 1923 1807 comperimus
1990 1723 2061 1788 in
2128 1723 2386 1788 eisdem
2452 1723 2808 1808 quoddam

585 1835 934 1895 statutum
979 1827 1122 1892 siue
1167 1828 1677 1893 ordinacionem
1722 1827 1857 1893 fuit
1900 1828 2094 1893 cuius
2140 1834 2339 1892 tenor
2381 1828 2696 1912 sequitur
2738 1827 2807 1892 in

588 1935 712 1999 hec
742 1934 975 2009 verba,
1012 1933 1191 1998 Item
1223 1954 1380 1997 cum
1413 1932 1822 2017 antiquituS,
1857 1937 1987 1997 etc.
2086 1933 2167 1997 In
2197 1952 2494 2016 quarum
2526 1932 2807 2017 quidem

587 2037 1033 2123 inspeccionis
1095 2044 1164 2101 et
1228 2036 1721 2121 compercionis
1783 2036 2258 2102 testimonium
2322 2043 2537 2121 atque
2600 2036 2805 2101 fidem

588 2144 712 2208 has
759 2143 992 2207 literas
1041 2148 1312 2206 nostras
1360 2140 1504 2205 fieri
1555 2140 1841 2206 fecimus
1890 2141 2406 2217 testimonialeS,
2459 2140 2808 2226 Vobisque

587 2247 978 2313 huiusmodi
1048 2251 1396 2311 statutum
1465 2246 1611 2310 sine
1680 2245 2190 2310 ordinacionem
2260 2244 2527 2311 editum
2596 2250 2807 2330 atque

589 2354 850 2418 factum
941 2350 1398 2425 notificamuS,
1491 2350 1941 2425 declaramuS,
2036 2356 2105 2414 et
2195 2349 2600 2414 intimamus
2688 2370 2809 2434 per

587 2462 934 2542 presentes
999 2454 1218 2540 sigillo
1283 2460 1520 2520 nostro
1588 2454 1678 2519 ad
1745 2474 1987 2519 causas
2052 2453 2406 2539 sigillatos,
2502 2454 2667 2520 Dat.
2737 2454 2807 2518 in

586 2562 794 2627 domo
825 2566 1061 2626 nostra
1101 2559 1478 2643 Capitulari
1519 2568 1644 2623 2⁴:mo
1683 2558 1792 2624 die
1834 2558 2084 2623 mensis
2126 2558 2570 2642 SeptembriS,
2605 2558 2809 2623 Anno

588 2666 750 2731 D’ni
789 2686 858 2731 m
890 2674 1119 2730 ccccm⁰
1157 2663 1400 2743 lxiiijm.

767 2822 944 2885 Item
991 2840 1148 2885 cum
1197 2818 1584 2903 antiquitus
1631 2817 1721 2882 sit
1767 2823 2117 2882 statutum
2166 2823 2236 2881 et
2283 2817 2683 2882 ordinatum
2730 2839 2809 2882 ac

588 2946 823 2991 eorum
870 2923 1364 2990 consuetudine
1411 2922 1741 2987 laudabili
1788 2922 1856 2986 in
1907 2922 2096 2986 dicta
2142 2922 2422 2986 ecclesia
2468 2922 2809 2987 vsitatum

587 3038 657 3096 et
707 3032 1150 3095 obseruatum
1201 3027 1390 3112 quod
1439 3026 1749 3091 canonici
1800 3026 1921 3111 qui
1972 3026 2417 3091 residenciam
2469 3026 2809 3112 incipiunt

587 3135 1012 3222 personalem
1085 3132 1315 3197 saltim
1389 3132 1458 3196 in
1532 3152 1768 3196 eorum
1843 3131 2169 3215 primaria
2241 3130 2618 3195 residencia
2690 3152 2812 3216 per

586 3240 948 3307 duodecim
1050 3237 1472 3322 septimanas
1545 3234 1830 3300 veniant
1905 3234 1994 3299 ad
2067 3236 2353 3300 chorum
2427 3235 2496 3299 in
2572 3255 2811 3300 eorum

586 3345 938 3411 habitibus
995 3349 1064 3407 et
1122 3342 1304 3406 horis
1361 3340 1681 3405 intersint
1737 3340 2083 3405 canonicis
2138 3340 2317 3405 sicut
2374 3340 2445 3404 in
2503 3339 2811 3424 ecclesijs

585 3449 912 3517 Suthwell
977 3454 1046 3512 et
1115 3445 1460 3511 Beuerlac’
1528 3450 1632 3509 est
1698 3444 2032 3509 hactenus
2097 3445 2565 3509 obseruatum.
2663 3443 2811 3508 Nos

585 3576 747 3621 uero
785 3551 1176 3619 huiusmodi
1213 3549 1498 3614 statutis
1535 3556 1604 3612 et
1644 3548 2199 3613 ordinacionibus
2236 3569 2375 3613 non
2412 3548 2811 3633 derogando

584 3660 704 3725 sed
734 3658 988 3723 eisdem
1019 3654 1336 3721 addendo
1367 3653 1765 3718 ordinamus
1795 3659 1864 3717 et
1894 3651 2269 3717 statuimus
2297 3652 2487 3737 quod
2515 3652 2811 3737 quilibet

585 3764 953 3830 canonicus
1001 3760 1070 3824 in
1119 3758 1307 3823 dicta
1353 3757 1635 3822 ecclesia
1683 3778 1724 3821 a
1772 3762 2080 3840 tempore
2130 3755 2543 3841 incepcionis
2591 3756 2811 3841 prime

585 3890 705 3934 sue
750 3864 1114 3932 residencie
1159 3864 1226 3927 in
1271 3861 1511 3926 eadem
1554 3881 1675 3945 per
1717 3860 2079 3925 duodecim
2122 3861 2546 3945 septimanas
2592 3860 2811 3925 conti-

587 3994 759 4039 nuas
825 3978 1079 4035 extunc
1145 3966 1515 4032 inmediate
1582 3971 1946 4050 sequentes
2012 3965 2283 4034 intersit
2350 3964 2674 4030 omnibus
2740 3971 2814 4029 et

586 4076 866 4163 singulis
911 4073 1093 4139 horis
1139 4070 1480 4137 canonicis
1527 4070 1594 4134 in
1642 4070 1849 4134 choro
1896 4068 2078 4133 dicte
2124 4069 2399 4134 ecclesie
2446 4069 2516 4134 in
2562 4064 2812 4133 habitu

586 4204 732 4258 su0‚
810 4202 890 4245 ac
962 4177 1148 4263 quod
1221 4174 1529 4260 qualibet
1604 4179 1806 4238 nocte
1880 4179 2042 4237 ante
2116 4174 2323 4239 finem
2397 4173 2813 4257 pulsacionis

590 4306 924 4370 campane
963 4283 1051 4348 ad
1090 4279 1490 4366 ignitegium
1529 4298 1651 4363 per
1686 4299 1757 4341 se
1796 4277 1884 4341 sit
1924 4277 1994 4342 in
2034 4277 2241 4342 domo
2280 4278 2655 4343 mansionis
2692 4298 2813 4343 sue

593 4392 869 4466 ibidem,
913 4394 1118 4473 prout
1161 4386 1228 4450 in
1271 4384 1428 4449 eccl.
1474 4382 1671 4448 Cath.
1718 4382 1925 4447 Ebor.
1972 4382 2041 4447 in
2083 4382 2408 4467 primaria
2448 4388 2519 4447 et
2562 4403 2813 4469 magna

739 4548 750 4571 ¹
793 4542 840 4589 A
866 4541 994 4603 long
1019 4538 1310 4593 side-note,
1342 4536 1549 4599 mostly
1575 4536 1785 4585 erased.
