3217 5117
589 382 720 468 248
1169 383 1328 450 THE
1377 383 1691 450 IuolLBY
1741 383 2236 451 MAszcmPr.

589 565 1044 630 effectualiter
1115 585 1251 630 non
1315 565 1572 639 fecerit,
1638 575 1763 629 aut
1835 565 1905 629 in
1978 565 2349 630 collacione
2421 563 2816 628 huiusmodi

209 678 275 726 In
303 693 428 726 case
455 677 512 726 of
590 669 894 735 cantarie
931 691 1010 733 ac
1045 669 1449 733 induccione
1483 668 1877 733 huiusmodi
1916 669 2255 754 necligens
2290 668 2522 742 fuerit,
2561 673 2818 732 extunc

181 744 530 872 Ᾱζέἷῗξῇεξιξῖ,
589 773 910 838 volumus
952 780 1022 837 et
1065 773 1464 837 ordinamus
1504 773 1696 858 quod
1738 773 1869 836 illis
1911 772 2178 838 vicibus
2220 779 2290 836 et
2334 772 2464 836 illis
2506 771 2816 836 vacacio-

225 879 284 926 οἱ
310 877 482 926 York.
591 877 812 950 nibuS,
838 877 1132 941 durante
1152 876 1564 961 necligencia
1587 877 2001 952 huiusmodi,
2026 879 2197 941 bene
2218 877 2422 941 liceat
2443 875 2817 940 venerabili

590 981 771 1064 patri
816 987 886 1044 et
930 980 1114 1056 d'n0,
1162 981 1344 1046 D’no
1389 982 1594 1046 Ebor.
1643 981 2009 1066 Archiep’o
2052 981 2211 1045 sede
2254 981 2457 1065 plena
2501 980 2615 1045 de¹
2658 979 2815 1043 sede

589 1091 884 1149 vacante
929 1106 1082 1149 ven.
1133 1085 1451 1170 Capitulo
1499 1085 1682 1150 Eccl.
1735 1087 1970 1162 Ebor.,
2020 1087 2187 1170 Jure
2234 1093 2468 1150 tamen
2516 1083 2816 1169 Capituli

589 1189 748 1254 eccl.
787 1190 1015 1274 Ripon
1050 1189 1354 1273 predicte
1385 1189 1620 1274 quoad
1654 1191 1925 1255 futuras
1956 1191 2360 1255 vacaciones
2392 1191 2463 1254 in
2496 1190 2817 1254 omnibus

588 1312 855 1377 semper
897 1294 1112 1368 salu0,
1158 1293 1419 1358 dictam
1463 1293 1864 1360 Cantariam
1907 1295 2087 1380 gilde
2131 1301 2201 1359 et
2246 1293 2482 1359 altaris
2526 1294 2811 1379 predict.

590 1397 709 1461 vni
761 1397 1130 1482 Capellano
1179 1397 1471 1462 honesto
1522 1405 1592 1462 et
1645 1399 1917 1482 ydoneo
1968 1399 2274 1464 conferre
2324 1405 2394 1464 et
2446 1399 2814 1484 assignare,

591 1507 661 1565 et
701 1502 926 1586 ipsum
967 1501 1414 1585 Capellanum
1455 1503 1524 1567 in
1566 1503 1857 1568 eandem
1896 1503 2280 1568 cantariam
2322 1503 2552 1568 induci
2595 1504 2815 1568 facere

588 1612 670 1670 vt
753 1605 1112 1690 prefertur,
1199 1607 1648 1692 prefatusque
1731 1607 1887 1672 d’ns
1974 1608 2341 1683 RobertuS,
2428 1627 2551 1692 per
2634 1629 2815 1672 nunc

590 1709 997 1794 Capellanus
1030 1709 1215 1774 dicte
1247 1710 1590 1788 Cantarie,
1628 1733 1709 1777 ac
1742 1732 1979 1776 omnes
2011 1720 2082 1776 et
2117 1711 2363 1796 singuli
2396 1731 2814 1775 successores

588 1814 692 1879 sui
723 1814 1028 1878 eiusdem
1057 1814 1378 1880 Cantarie
1409 1816 1625 1881 futuri
1655 1815 1989 1900 capellani
2018 1817 2089 1880 in
2119 1815 2402 1900 singulis
2430 1815 2813 1880 collacioni—

162 1912 460 2027 chaplaciins
502 1917 562 1960 to
591 1921 720 1984 bus
751 1918 1142 1983 huiusmodi
1167 1919 1489 1984 Cantarie
1522 1921 1851 1985 faciendis
1882 1921 2069 1985 dicto
2095 1919 2468 1984 venerabili
2495 1918 2815 2004 Capitulo

221 1993 506 2094 caffissnfgal
591 2023 749 2087 eccl.
793 2023 958 2088 Coll.
1007 2023 1255 2108 Ripon'
1301 2031 1371 2088 et
1411 2023 1552 2089 suis
1591 2045 1779 2089 more
1819 2025 2023 2089 solito
2063 2024 2401 2109 prestabit
2444 2030 2514 2088 et
2554 2030 2814 2107 presta-

163 2112 563 2228 {ffidffffgetgro
590 2129 768 2191 bunt
805 2127 1210 2192 canonicam
1251 2128 1723 2193 obedienciam
1762 2128 1952 2213 quod
1990 2129 2129 2192 sint
2169 2126 2475 2192 eiusdem
2516 2127 2815 2211 Capituli

218 2247 277 2295 of
305 2193 508 2309 Ripgn.
590 2231 730 2296 suis
779 2231 1206 2316 temporibus
1255 2233 1515 2298 subditi
1566 2240 1637 2297 et
1684 2232 1977 2298 subiecti
2026 2237 2233 2317 prout
2282 2231 2395 2316 alij
2453 2231 2689 2315 vicarij
2746 2237 2812 2295 et

591 2335 886 2401 ministri
925 2336 1199 2402 ecclesie
1241 2337 1490 2421 Ripon’
1531 2337 1857 2422 predicte.

203 2540 454 2602 Custody
474 2541 533 2590 of
775 2511 856 2578 In
922 2535 1218 2599 quorum
1287 2515 1596 2580 omnium
1667 2516 2138 2581 testimonium
2208 2538 2290 2581 ac
2356 2515 2563 2580 fidem
2633 2515 2813 2599 parti

182 2607 338 2736 Ρὲξξε
355 2607 543 2722 tollrffie
595 2617 800 2682 huius
845 2618 1206 2683 indenture
1249 2619 1393 2683 siue
1437 2625 1627 2684 carte
1672 2620 2018 2704 tripartite
2062 2641 2269 2704 penes
2312 2619 2577 2684 dictum
2622 2619 2814 2684 d’nm

201 2740 522 2791 ludenture.
598 2721 932 2786 Rob’tum
970 2722 1260 2786 Witton’
1303 2723 1749 2807 Capellanum
1788 2731 1856 2788 et
1893 2745 2052 2789 suos
2088 2745 2506 2788 successores
2543 2725 2813 2790 futuros

593 2825 980 2910 capellanos
1032 2828 1414 2891 remanenti
1465 2827 1684 2913 sigilla
1733 2835 1971 2893 nostra
2020 2834 2184 2893 sunt
2236 2849 2561 2913 appensa,
2616 2829 2811 2893 alteri

592 2949 756 2993 vero
800 2929 981 3013 parti
1027 2951 1234 3014 penes
1279 2953 1403 2996 nos
1449 2953 1528 2996 ac
1573 2933 1820 2996 fratres
1865 2939 1934 2998 et
1977 2952 2241 2997 sorores
2284 2933 2462 3018 gilde
2508 2932 2813 3017 predicte

591 3033 971 3098 remanenti
1005 3033 1302 3119 sigillum
1336 3036 1745 3100 venerabilis
1778 3036 2078 3121 Capituli
2110 3036 2511 3121 supradicti,
2548 3057 2813 3102 necnon

588 3136 884 3222 sigillum
913 3137 1080 3202 dicti
1108 3138 1250 3203 d'ni
1281 3139 1518 3204 Rob’ti
1547 3139 1817 3204 Witton
1844 3141 2180 3225 capellani
2206 3161 2331 3225 pro
2356 3162 2428 3205 se
2454 3148 2524 3206 et
2550 3163 2813 3206 succes-

589 3241 857 3305 soribus
881 3242 1020 3307 suis
1048 3242 1230 3308 dicte
1257 3243 1576 3308 Cantarie
1604 3244 1856 3309 futuris
1883 3245 2266 3332 Capellanis
2291 3252 2456 3310 sunt
2482 3267 2809 3331 appensa,

590 3345 683 3409 Et
717 3346 921 3410 tercie
953 3347 1136 3432 parti
1168 3367 1375 3432 penes
1407 3348 1672 3413 dictum
1704 3349 2093 3414 venerabile
2125 3349 2522 3434 Capitulum
2556 3351 2809 3436 Ripon’

587 3451 970 3515 remanenti
1011 3471 1134 3535 pro
1176 3473 1256 3516 eo
1295 3453 1484 3537 quod
1523 3453 1820 3539 sigillum
1851 3473 2213 3518 commune
2256 3453 2346 3518 ad
2384 3475 2631 3520 manus
2670 3477 2810 3521 non

588 3553 922 3620 habemus
967 3555 1262 3641 sigillum
1312 3556 1571 3621 Decani
1592 3573 1619 3602 2
1664 3557 1913 3641 Ripon’
1966 3557 2219 3642 apponi
2267 3560 2809 3643 procurauimuS,

589 3679 852 3724 necnon
923 3659 1044 3745 sig.
1120 3661 1262 3724 d'ni
1335 3661 1572 3725 Rob’ti
1646 3661 1914 3726 Witton
1986 3657 2335 3747 Capellani
2405 3683 2529 3747 pro
2598 3684 2669 3728 se
2738 3671 2811 3729 et

586 3764 1086 3829 successoribus
1133 3765 1272 3829 suis
1320 3771 1424 3829 est
1471 3786 1874 3850 appensum.
1973 3766 2128 3850 Hijs
2177 3767 2491 3842 testibus
2542 3768 2811 3834 Thoma

589 3862 1130 3952 Markyngfeilde
1178 3868 1414 3945 Milite,
1465 3869 1735 3954 Rogero
1780 3869 2050 3945 Warde,
2100 3871 2399 3936 Will'mo
2445 3872 2807 3949 Fencotez,

587 3969 788 4053 Joh’e
843 3971 1087 4057 Pygot,
1143 3973 1443 4038 Will'mo
1495 3973 1831 4050 Tanfeild,
1888 3974 2186 4039 Will'mo
2239 3977 2485 4051 Stowe,
2540 3976 2810 4042 Thoma

585 4073 670 4138 de
737 4075 1102 4161 Balderby,
1171 4084 1239 4141 et
1305 4078 1479 4161 alijs.
1575 4078 1737 4142 Dat.
1808 4078 1995 4162 apud
2064 4079 2313 4164 Ripon'
2379 4086 2632 4165 quarto
2697 4081 2807 4146 die

581 4175 644 4242 N
650 4181 953 4244 ouembr.
996 4180 1198 4246 Anno
1237 4181 1398 4246 D’ni
1438 4181 1723 4246 Mill'mo
1760 4197 1997 4247 cccc¹¹¹0
2032 4190 2230 4248 sexto
2267 4183 2551 4249 decim0.

721 4385 735 4408 ¹
777 4383 850 4431 So
872 4383 930 4431 in
957 4383 1090 4440 ΜΞ..
1120 4398 1294 4448 query
1327 4386 1462 4434 '‘vel
1483 4385 1515 4407 ’⁹
1544 4401 1606 4436 or
1637 4385 1841 4436 “et''?

717 4479 738 4502 ²
774 4475 890 4523 The
919 4475 1091 4526 Rura}
1121 4475 1294 4527 Dean.
