3217 5117
203 1894 409 1956 Vearly
435 1893 556 1942 obit

239 1975 301 2009 or
331 1959 525 2008 Year’s

293 2027 463 2076 mind.

323 3239 440 3287 The

250 3306 518 3356 Bellman.

209 4171 478 4234 Chaplain
507 4174 568 4218 to

215 4239 283 4286 be
310 4241 572 4287 account·

599 467 729 550 246
1173 467 1334 532 THE
1381 467 1696 532 INGILBY
1744 465 2238 530 MANthcmPT.

599 647 991 723 eorundem,
1044 647 1621 731 vestimentaque,
1674 646 1903 720 libros,
1957 645 2259 718 calicem,
2314 650 2381 708 et
2438 643 2574 708 alia
2624 664 2819 706 oma-

599 758 837 816 menta
869 751 1323 817 ecclesiastica
1356 750 1445 815 ad
1479 749 1872 815 huiusmodi
1905 749 2121 813 altare
2155 755 2224 813 et
2256 748 2639 812 cantariam
2676 767 2821 831 per-

603 856 922 936 tinencia,
983 877 1062 920 ac
1119 855 1350 920 omnia
1407 863 1476 919 et
1533 854 1802 939 singula
1858 853 1948 918 ad
2004 874 2206 918 vsum
2263 852 2445 918 dicte
2502 851 2823 916 Cantarie

600 960 942 1044 deputata
1019 966 1088 1024 et
1168 959 1517 1044 assignata
1595 980 1677 1023 ac
1755 957 2158 1042 deputanda
2237 964 2305 1021 et
2386 955 2821 1041 assignanda,

604 1071 976 1149 terrasque,
1031 1063 1360 1138 redditus,
1413 1070 1483 1127 et
1535 1069 1932 1127 tenementa
1982 1062 2292 1147 predicta
2341 1062 2410 1125 in
2460 1059 2825 1125 sufficienti

603 1175 797 1233 statu
837 1169 1180 1233 custodiet
1222 1174 1290 1232 et
1331 1168 1747 1242 custodient,
1793 1189 1873 1231 ac
1914 1167 2053 1231 suis
2096 1165 2390 1251 proprijs
2431 1165 2827 1248 sumptibus

605 1279 674 1336 et
729 1273 1044 1357 expensis
1098 1293 1256 1336 cum
1311 1271 1728 1356 indiguerint
1786 1272 2227 1354 reparabunt,
2285 1270 2824 1354 supportabunt,

606 1383 674 1440 et
700 1377 1028 1452 reficiant,
1055 1397 1136 1442 ac
1159 1377 1425 1460 integra
1447 1383 1516 1440 et
1540 1376 1736 1440 salua
1757 1376 1901 1439 sine
1924 1374 2425 1459 dilapidacione
2446 1373 2829 1438 secundum

607 1480 1135 1565 possibilitatem
1208 1479 1578 1544 eorundem
1653 1479 2004 1564 perpetuis
2078 1479 2327 1544 futuris
2400 1477 2831 1562 temporibus

607 1584 898 1649 fideliter
961 1586 1539 1659 consueruabunt,
1605 1591 1676 1648 et
1738 1583 1823 1647 de
1885 1583 2140 1647 eisdem
2203 1582 2472 1646 fidelem
2539 1581 2830 1646 reddent

607 1688 950 1753 racionem
1015 1689 1332 1772 Capitulo
1397 1687 1796 1772 supradicto
1859 1688 2186 1772 quociens
2250 1708 2333 1751 ex
2398 1693 2595 1772 partc
2661 1686 2830 1751 dicti

607 1793 906 1878 Capituli
957 1793 1027 1857 in
1075 1814 1155 1857 ea
1202 1799 1398 1877 parte
1447 1792 1702 1857 fuerint
1746 1792 2075 1876 requisiti,
2126 1812 2245 1856 seu
2296 1813 2532 1856 eorum
2582 1790 2833 1875 aliquis

609 1898 814 1962 fuerit
890 1898 1276 1982 requisitus
1374 1898 1466 1960 Et
1541 1896 1821 1981 insuper
1894 1895 2213 1961 volumus
2286 1902 2357 1960 et
2432 1895 2833 1960 ordinamus

606 2002 796 2086 quod
835 2002 1125 2087 quilibet
1168 2001 1350 2066 dicte
1394 2001 1715 2065 Cantarie
1756 2000 2152 2084 capellanus
2193 2001 2311 2085 qui
2356 2021 2479 2084 pro
2522 2006 2833 2083 tempore

607 2106 812 2170 fuerit
893 2105 962 2169 in
1043 2105 1324 2190 singulis
1395 2105 1709 2189 exequijs
1781 2104 2033 2169 futuris
2104 2105 2635 2189 imperpetuum,
2721 2103 2830 2167 die

605 2209 1069 2293 Anniuersarij
1115 2208 1320 2272 Will'i
1361 2208 1446 2273 de
1487 2209 1787 2292 Lynton,
1824 2209 2046 2292 Joh'is
2085 2209 2169 2273 de
2210 2209 2510 2292 Lynton,
2545 2207 2833 2292 Agnetis

605 2314 838 2378 vxoris
892 2334 1032 2388 sue,
1092 2335 1172 2377 ac
1227 2312 1450 2396 Joh'is
1504 2312 1589 2377 de
1647 2312 1898 2396 Feriby
1952 2320 2024 2376 et
2080 2313 2461 2397 Margarete
2514 2333 2631 2376 vx.
2690 2333 2831 2386 sue,

606 2417 924 2481 videlicet
958 2417 1224 2481 decimo
1256 2416 1412 2501 viijv
1445 2417 1554 2481 die
1589 2417 1843 2481 mensis
1877 2416 2289 2481 Nouembris
2322 2417 2520 2480 annis
2552 2416 2835 2500 singulis

608 2521 878 2596 futuris,
920 2521 1251 2585 ministris
1289 2521 1566 2585 ecclesie
1599 2521 1971 2606 Collegiate
1996 2521 2390 2605 supradicte
2415 2520 2485 2585 in
2524 2520 2835 2605 exequijs

606 2624 998 2689 huiusmodi
1087 2624 1537 2709 personaliter
1625 2625 2189 2690 interessentibus
2276 2632 2345 2690 et
2430 2646 2569 2689 non
2657 2624 2831 2708 alijS‚

607 2729 926 2793 videlicet
961 2750 1081 2792 sex
1117 2728 1416 2812 vicarijS,
1455 2729 1632 2794 duos
1665 2729 1939 2804 solidOS,
1976 2750 2095 2793 sex
2130 2729 2436 2794 diaconis
2471 2729 2835 2794 duodecim

608 2833 943 2907 denariOS,
981 2833 1458 2917 thuribularijs
1492 2840 1562 2896 et
1596 2833 1913 2897 choristis
1946 2833 2129 2898 dicte
2162 2834 2437 2898 ecclesie
2470 2833 2833 2898 duodecim

608 2937 943 3011 denariOS,
1023 2937 1630 3022 cantariarumque
1709 2940 1911 3002 beate
1990 2938 2200 3002 Marie
2278 2939 2347 3002 in
2424 2938 2689 3023 capella
2765 2938 2835 3002 in

609 3040 848 3105 eadem
924 3040 1204 3105 ecclesia
1277 3047 1550 3106 statuta
1625 3049 1696 3105 et
1772 3042 1903 3106 S'ci
1980 3042 2319 3125 Johannis
2394 3043 2837 3127 Euangeliste

610 3145 994 3229 Capellanis
1049 3166 1169 3208 sex
1231 3145 1568 3220 denariOS,
1632 3167 1711 3209 ac
1776 3146 2070 3210 Sacriste
2131 3152 2435 3230 quatuor
2495 3147 2833 3222 denarios,

611 3255 680 3313 et
725 3251 1166 3333 campanario
1211 3269 1331 3333 per
1375 3248 1609 3313 villam
1658 3249 1907 3333 Ripon'
1954 3271 2368 3334 campanam
2411 3250 2723 3335 portanti
2768 3257 2837 3313 et

612 3352 833 3417 dictas
884 3353 1208 3437 exequias
1257 3353 1735 3437 proclamanti,
1778 3353 1951 3418 duos
1990 3354 2305 3418 denarios
2354 3354 2837 3439 sterlingorum

612 3457 1096 3541 premissorum
1127 3457 1481 3521 occasione
1511 3457 1596 3520 de
1630 3457 1836 3522 bursa
1866 3458 2143 3542 propria
2172 3459 2464 3523 fideliter
2493 3460 2838 3543 persoluet

613 3561 728 3624 illo
756 3560 863 3624 die
892 3561 1336 3645 exequiarum
1364 3563 1626 3645 absque
1654 3582 1868 3637 mora,
1900 3582 2025 3646 pro
2050 3563 2303 3647 quibus
2330 3584 2494 3628 vero
2522 3564 2839 3648 expensis

615 3664 684 3728 in
745 3663 1069 3748 predictis
1130 3664 1439 3749 exequijs
1500 3665 1831 3730 faciendis
1890 3666 2289 3750 supradicto
2350 3668 2515 3733 d’no
2578 3669 2837 3733 Rob'to

615 3769 894 3852 eiusque
961 3768 1462 3833 successoribus
1528 3769 1712 3833 dicte
1780 3770 2099 3835 Cantarie
2168 3770 2552 3855 Capellanis
2620 3792 2837 3836 vnum

615 3872 1040 3956 mesuagium
1093 3871 1162 3938 in
1217 3873 1591 3958 Westgate,
1649 3873 1791 3937 duo
1843 3875 2193 3960 mesuagia
2246 3875 2316 3939 in
2370 3875 2717 3960 Skellgate
2771 3882 2840 3939 et

617 3995 832 4039 vnum
864 3977 1291 4061 mesuagium
1322 3977 1392 4041 in
1426 3976 1975 4062 Hallhalowgate
2005 3999 2140 4063 que
2171 3978 2525 4063 quondam
2560 3980 2840 4044 fuerunt

618 4080 840 4163 Joh'is
874 4086 943 4144 et
977 4080 1181 4144 Will’i
1216 4080 1301 4145 de
1335 4081 1614 4164 Lynton
1648 4088 1719 4145 et
1754 4081 1843 4146 ad
1876 4103 1991 4146 eos
2024 4103 2145 4167 per
2177 4082 2462 4147 modum
2496 4084 2835 4167 excambij

620 4183 1044 4248 deuenerunt
1117 4185 1625 4269 imperpetuum
1694 4186 2170 4250 conceduntur
2239 4193 2307 4250 et
2378 4187 2837 4272 assignantur.

229 4305 352 4353 able
380 4305 464 4353 for
484 4303 554 4352 an
619 4289 768 4373 Que
833 4288 1064 4352 omnia
1128 4294 1198 4352 et
1262 4289 1530 4374 singula
1593 4290 2032 4365 vestimenta,
2102 4290 2329 4366 libros,
2398 4291 2723 4368 calicem,
2773 4301 2843 4356 et

204 4372 300 4422 the
327 4371 578 4432 Chantry

292 4437 481 4502 goods.

620 4399 847 4456 cetera
927 4399 1332 4456 ornamenta
1413 4392 1722 4477 predicta
1803 4394 1947 4478 ipse
2028 4393 2435 4479 Capellanus
2514 4397 2634 4480 qui
2716 4417 2843 4480 pro

622 4502 928 4579 tempore
983 4495 1188 4560 fuerit
1241 4495 1310 4559 in
1363 4517 1490 4561 sua
1541 4498 1766 4581 prima
1817 4497 2230 4562 admissione
2284 4519 2404 4584 per
2454 4500 2689 4565 literas
2742 4502 2844 4566 in-
