3217 5117
309 1163 455 1219 1408,

275 1225 409 1289 July
437 1240 486 1287 7.

305 2960 451 3018 1408,

259 3024 391 3088 May
423 3038 441 3073 1
459 3038 500 3074 1.

211 3478 326 3527 The
349 3480 539 3528 Vicars

223 3545 365 3595 have
395 3547 530 3595 been

205 3613 462 3675 enjoined
492 3617 553 3661 to

279 3678 384 3727 live
411 3680 466 3727 in

208 3760 464 3794 common
496 3746 547 3793 in

176 3812 320 3860 their
339 3813 569 3861 Bederu.

613 454 738 519 150
1180 437 1337 502 THE
1387 437 1699 502 INGILBY
1748 437 2241 501 MANUscmP‘r.

607 615 989 701 infligendis
1021 616 1076 681 si
1109 638 1235 682 sua
1268 617 1602 682 demerita
1636 617 1767 681 hoc
1800 621 2195 700 exposcant.
2288 613 2469 678 Acta
2500 619 2662 677 sunt
2696 612 2822 675 hec

605 741 790 785 anno
837 722 985 786 loco
1033 728 1104 786 et
1151 721 1262 786 die
1309 721 1743 805 supradictiS,
1796 720 2227 805 presentibus
2274 718 2438 782 d'no
2486 717 2687 801 Joh'e
2735 716 2823 780 de

609 823 881 889 Rednes
919 826 1484 890 subthezaurario
1521 824 1799 889 ecclesie
1838 831 1909 889 et
1947 822 2224 906 vicarijs
2262 820 2692 907 supradictis

643 1015 818 1097 (221)
877 1014 1044 1095 (The
1076 1016 1376 1101 Chapter
1409 1014 1608 1081 order
1641 1016 1757 1080 the
1790 1015 2027 1080 Vicars
2061 1021 2134 1080 to
2167 1014 2302 1079 live
2334 1014 2403 1078 in
2434 1012 2820 1093 Common).

786 1156 964 1222 Item
1019 1156 1150 1240 vijo
1205 1158 1312 1221 die
1376 1156 1568 1241 Julij,
1629 1158 1831 1222 Anno
1888 1156 2050 1220 D’ni
2106 1155 2524 1240 supradict0‚
2584 1153 2825 1238 Mag’ri

607 1259 825 1325 Will's
866 1260 949 1325 de
993 1260 1263 1336 Cawod,
1310 1261 1536 1325 Adam
1579 1261 1664 1325 de
1710 1262 2105 1335 Fenrother,
2152 1266 2221 1324 et
2264 1259 2417 1323 d’ns
2459 1258 2693 1341 Joh’es
2734 1256 2823 1321 de

609 1365 820 1441 Dene,
876 1365 1220 1441 Canonici,
1277 1366 1342 1430 in
1400 1365 1608 1429 domo
1661 1364 2037 1449 Capitulari
2092 1369 2582 1438 conuenerunt,
2636 1361 2821 1445 capi-

611 1468 832 1533 tulum
869 1469 1216 1545 facienteS,
1253 1470 1633 1554 habitoque
1670 1474 1976 1533 tractatu
2012 1489 2170 1534 cum
2205 1466 2495 1551 Vicarijs
2530 1466 2618 1533 ad
2654 1472 2821 1530 tunc

604 1573 1052 1657 personaliter
1109 1593 1340 1638 coram
1399 1573 1495 1637 eis
1553 1573 2031 1649 existentibuS,
2093 1573 2179 1638 de
2237 1577 2307 1636 et
2366 1591 2570 1656 super
2627 1590 2821 1635 mora

603 1697 730 1741 sua
784 1678 853 1742 in
909 1678 1256 1742 communi
1313 1698 1549 1742 mensa
1606 1677 1921 1743 facienda
1975 1698 2101 1762 pro
2158 1683 2236 1742 ut
2295 1676 2390 1740 eis
2446 1675 2532 1740 al’
2594 1676 2820 1740 fuerat

602 1780 988 1846 iniunctum
1044 1781 1308 1846 vicibus
1362 1782 1615 1866 repetis
1675 1781 1815 1864 (sic)
1877 1802 1958 1846 ac
2014 1780 2453 1846 attendentes
2508 1800 2593 1844 ex
2650 1779 2813 1843 facti

601 1884 940 1968 qualitate
965 1891 1033 1949 et
1060 1885 1538 1951 verisimilibus
1561 1884 1971 1950 coniecturis
1995 1884 2183 1969 quod
2208 1884 2297 1949 ad
2322 1882 2817 1948 comorandum

603 1989 670 2051 in
710 1989 1056 2053 communi
1094 1995 1300 2073 prout
1341 1990 1434 2053 eis
1471 1988 1700 2074 sepius
1739 1990 1963 2054 fuerat
2003 1989 2391 2053 iniunctum
2428 2009 2498 2052 se
2536 1986 2819 2051 minime

601 2091 1082 2176 disponebant,
1147 2092 1268 2157 Mr.
1333 2092 1548 2157 Will·s
1607 2093 1693 2157 de
1754 2093 2005 2157 Cawod
2063 2093 2213 2158 vice
2271 2097 2341 2157 et
2401 2091 2817 2157 auctoritate

600 2196 898 2280 Capituli
939 2197 1028 2262 ad
1067 2204 1384 2281 rogatum
1423 2203 1491 2261 et
1531 2195 1617 2260 de
1657 2217 1976 2281 expresso
2012 2217 2349 2262 consensu
2385 2196 2813 2260 confratrum

597 2320 877 2365 suorum
925 2300 1412 2384 predictorum,
1462 2320 1693 2365 coram
1742 2300 2032 2385 Vicarijs
2079 2300 2336 2365 ibidem
2382 2299 2815 2384 presentibus

597 2405 974 2488 quamdam
1007 2404 1240 2469 billam
1269 2426 1480 2488 quam
1514 2405 1581 2468 in
1613 2425 1824 2469 manu
1855 2426 1979 2470 sua
2011 2407 2293 2470 tenebat
2324 2403 2594 2490 publice
2622 2404 2808 2487 legit.

599 2508 934 2593 dictisque
969 2507 1245 2591 vicarijs
1279 2508 1601 2573 iniuncsit
1636 2515 1841 2592 prout
1877 2509 1945 2573 in
1980 2510 2169 2575 dicta
2202 2508 2363 2574 billa
2398 2508 2811 2582 continetur,

600 2613 793 2677 cuius
832 2619 1028 2677 tenor
1064 2612 1397 2697 sequitur,
1437 2620 1504 2677 et
1545 2619 1649 2677 cst
1688 2612 1866 2678 talis,

1349 2803 1524 2889 (222)
1583 2805 1751 2885 (The
1802 2805 2247 2891 Injunction).

782 2947 862 3011 In
957 2946 1082 3011 Dei
1178 2946 1474 3020 nomine,
1570 2945 1811 3012 Amen.
1907 2947 2079 3012 Cum
2171 2968 2409 3031 nuper,
2504 2946 2653 3011 vice
2747 2955 2817 3011 et

604 3052 1018 3116 auctoritate
1063 3050 1360 3134 Capituli
1405 3050 1602 3114 vobis
1648 3050 1923 3134 vicarijs
1966 3051 2163 3116 istius
2205 3051 2479 3115 ecclesie
2521 3071 2819 3135 quorum

603 3156 909 3219 omnium
947 3161 1016 3218 et
1049 3155 1470 3239 singulorum
1505 3154 1786 3219 nomina
1820 3155 2153 3220 habemus
2185 3156 2293 3219 hic
2328 3176 2452 3239 pro
2485 3156 2821 3240 expressis

602 3258 670 3343 xj
730 3259 838 3323 die
890 3258 1141 3323 mensis
1196 3258 1353 3342 Maij
1413 3258 1480 3323 in
1537 3260 1665 3323 hac
1717 3259 1926 3323 domo
1977 3266 2213 3324 nostra
2265 3259 2641 3344 Capitulari
2696 3280 2819 3343 per

603 3362 1068 3428 honorabilem
1152 3362 1378 3427 virum
1460 3362 1865 3446 Magistrum
1946 3364 2171 3429 Adam
2251 3364 2335 3428 de
2416 3364 2816 3439 Fenrother,

602 3468 1009 3533 canonicum
1106 3473 1174 3531 et
1275 3466 1827 3532 residenciarium
1924 3467 2123 3532 istius
2220 3468 2493 3532 ecclesie
2593 3468 2820 3533 fuerat

602 3572 926 3637 canonice
1007 3570 1392 3636 iniunctum
1472 3579 1541 3635 et
1624 3571 1691 3635 in
1773 3571 2033 3636 virtute
2110 3578 2347 3636 sancte
2426 3572 2820 3637 obediencie

603 3676 1100 3740 demandatum
1145 3681 1224 3739 vt
1262 3675 1696 3759 prouideritis
1728 3675 1927 3739 vobis
1974 3673 2059 3739 de
2106 3676 2311 3739 domo
2358 3675 2537 3740 infra
2584 3676 2821 3739 beder-

603 3800 764 3843 nam
842 3782 986 3843 siue
1063 3799 1379 3843 mansum
1457 3779 1869 3843 vicariorum
1936 3778 2005 3843 in
2069 3800 2209 3863 qua
2273 3779 2480 3843 domo
2543 3779 2823 3864 possitis

600 3883 802 3948 simul
845 3882 1198 3948 comedere
1242 3888 1310 3946 et
1355 3883 1424 3946 in
1469 3903 1707 3947 mensa
1749 3882 1995 3946 vestris
2038 3882 2429 3967 sumptibus
2473 3884 2703 3947 viuere
2750 3883 2821 3947 in

601 3987 948 4051 communi
976 3986 1150 4051 citra
1177 3986 1358 4050 diem
1389 3986 1580 4050 Lune
1609 4006 1800 4070 prox.
1835 3991 1991 4070 post
2023 3986 2275 4051 festum
2303 3986 2823 4071 Assumpcionis

601 4090 895 4175 Virginis
955 4090 1242 4174 gloriose
1305 4110 1496 4174 prox.
1567 4090 1881 4153 futurum
1945 4097 2149 4174 prout
2214 4090 2343 4153 hoc
2405 4090 2587 4154 idern
2650 4090 2821 4155 alias

599 4194 796 4259 vobis
839 4195 1064 4258 fuerat
1106 4194 1493 4258 iniunctum
1536 4199 1603 4257 et
1649 4193 2193 4269 demandatum:
2246 4193 2524 4277 Nosque
2569 4194 2825 4257 Willel·

599 4319 752 4363 mus
798 4298 882 4362 de
928 4297 1200 4373 Cawod,
1247 4296 1474 4361 Adam
1521 4297 1604 4361 de
1653 4297 2031 4361 Fenrother
2074 4304 2145 4361 et
2192 4298 2427 4381 Joh’es
2472 4298 2557 4362 de
2602 4298 2821 4373 Dene,

597 4402 906 4467 canonici
939 4407 1009 4465 et
1037 4401 1468 4485 prebendarii
1499 4401 2006 4485 prebendarum
2037 4402 2121 4466 de
2152 4401 2443 4485 Thorpe,
2477 4402 2823 4485 Nonwyk,

599 4512 668 4570 et
734 4506 820 4570 de
885 4506 1402 4590 StaynwyggeS,
1470 4505 1783 4570 nolentes
1847 4511 2086 4571 nostra
2152 4506 2427 4570 decreta
2492 4526 2614 4571 seu
2684 4506 2821 4587 (61)
