3217 5117
1119 464 1305 529 Acrs
1352 480 1443 529 OF
1490 462 1848 528 CHAPTER.
2465 481 2591 545 233

372 643 643 708 firmam
686 644 835 709 dari
876 644 1156 708 omnino
1197 642 1283 707 de
1325 643 1469 707 iure
1511 642 1935 727 prohibetur,
1980 642 2364 707 iudicantes
2404 643 2592 727 quod

368 748 731 833 indignum
804 748 946 813 sore
1020 769 1177 814 cum
1250 747 1725 832 spiritualibus
1798 768 1918 831 per
1989 746 2352 832 pecuniam
2425 747 2593 812 inire

367 853 873 927 commercium,
908 852 1219 937 predicto
1248 851 1505 917 salubri
1543 857 1815 916 statuto
1853 872 1990 916 non
2025 851 2438 937 derogandO,
2473 851 2594 916 sed

368 957 591 1023 eidem
660 957 1041 1033 adiciendO,
1106 957 1503 1022 ordinamus
1564 962 1636 1021 et
1695 955 2070 1022 statuimus
2130 955 2320 1041 quod
2385 956 2441 1019 si
2508 956 2594 1021 de

366 1068 596 1127 cetero
661 1062 1005 1147 quispiam
1072 1061 1577 1137 contrafecerit,
1649 1061 1939 1125 tradicio
2005 1061 2094 1126 ad
2160 1060 2430 1125 firmam
2496 1060 2594 1125 sic

371 1168 558 1232 facta
596 1188 733 1232 non
773 1173 1007 1232 teneat
1046 1166 1184 1231 ullo
1222 1166 1450 1242 mod0,
1493 1171 1564 1230 et
1600 1166 2084 1231 nichilominus
2120 1166 2304 1231 vltra
2341 1186 2591 1249 penam

368 1292 517 1337 xxs‚
566 1272 878 1356 superius
920 1271 1387 1357 specificatam
1432 1276 1633 1335 sexta
1676 1291 1835 1354 pars
1879 1276 2344 1354 prouentuum
2389 1270 2592 1336 huius

367 1378 463 1441 rei
496 1397 710 1462 quam
744 1377 829 1441 de
866 1376 1052 1440 facto
1087 1376 1175 1441 ad
1212 1376 1481 1440 firmam
1518 1375 1668 1439 dari
1702 1380 1944 1440 contra
1977 1380 2326 1439 statutum
2361 1375 2592 1440 huius-

367 1481 554 1546 modi
609 1480 973 1566 contigerit
1028 1479 1317 1545 frabrice
1376 1480 1519 1562 (sic)
1582 1479 1766 1544 dicte
1819 1480 2094 1544 ecclesie
2147 1480 2332 1544 omni
2387 1480 2594 1545 modo

367 1586 753 1670 applicetur
812 1591 881 1650 et
936 1606 1058 1670 per
1102 1584 1733 1670 sequastracionem
1787 1584 1928 1669 (sic)
1982 1585 2334 1649 fructuum
2382 1584 2592 1650 delin-

364 1690 645 1775 quentis
675 1690 1091 1756 auctoritate
1116 1689 1416 1774 Capituli
1442 1688 1764 1765 fiendam,
1792 1709 1914 1773 per
1945 1689 2170 1773 ipsum
2194 1688 2590 1774 Capitulum

365 1794 640 1859 realiter
669 1795 955 1871 leuetur,
997 1794 1067 1859 in
1105 1815 1306 1859 vsum
1345 1794 1733 1879 predictum
1771 1794 2254 1858 conuertenda.

546 1938 747 2013 Item,
820 1958 977 2002 cum
1049 1936 1437 2022 antiquitus
1505 1938 1596 2000 sit
1665 1942 2013 2000 statutum
2083 1942 2152 1999 et
2221 1935 2587 2000 salubriter
2637 1950 2906 1999 scutulum
2925 1952 2992 2027 ἰι-ε

364 2042 765 2107 ordinatum
808 2042 877 2107 in
922 2043 1050 2107 hac
1093 2042 1373 2107 ecclesia
1415 2041 1789 2125 Collegiata
1834 2040 2082 2124 Ripon’
2126 2040 2315 2125 quod
2358 2041 2584 2107 nullus
2609 2019 3008 2133 ἓῖᾔξζζῗέζζζζζι

366 2147 788 2212 admittatur
832 2147 902 2211 in
948 2146 1355 2211 canonicum
1403 2152 1472 2210 et
1520 2146 1589 2210 in
1638 2145 1920 2209 fratrem
1969 2145 2126 2211 eccl.
2181 2144 2407 2229 Ripon
2455 2145 2584 2210 nisi
2633 2154 2794 2212 penes
2825 2152 2992 2214 Capi-

366 2252 818 2336 personaliter
881 2251 990 2315 vel
1056 2271 1177 2335 per
1241 2256 1754 2335 procuratorem
1819 2270 1977 2314 cum
2043 2249 2376 2314 mandato
2441 2251 2585 2314 siue
2634 2218 2982 2335 ἀώῖζιιὲζξι-ς,

288 2340 295 2349 ’
368 2355 843 2440 procuratorio
885 2355 1248 2420 sufficienti
1293 2354 1591 2440 legitime
1637 2354 2118 2429 constitutum,
2165 2360 2586 2438 potestatem

366 2458 641 2526 iurandi
701 2461 769 2525 in
829 2461 1132 2526 animam
1191 2460 1332 2525 d'ni
1392 2460 1497 2524 sui
1556 2459 1642 2523 de
1700 2458 2132 2523 obseruando
2189 2465 2460 2524 statuta
2519 2466 2588 2524 et

365 2565 899 2630 consuetudines
963 2565 1146 2630 dicte
1211 2564 1485 2629 ecclesie
1549 2564 1943 2639 habentem,
2012 2564 2373 2649 ipsumque
2438 2585 2590 2649 pro-

366 2669 792 2735 curatorium
865 2689 1071 2753 penes
1142 2668 1527 2754 capitulum
1600 2673 1670 2731 et
1743 2667 1887 2732 eius
1959 2676 2118 2733 acta
2189 2675 2592 2752 procurator

366 2773 764 2839 huiusmodi
828 2773 1082 2837 ibidem
1146 2773 1427 2837 omnino
1490 2772 1828 2848 dimittat,
1895 2772 2197 2857 alioquin
2264 2792 2388 2858 pro
2451 2794 2589 2838 non

368 2878 671 2943 admisso
763 2878 1121 2944 habeatur.
1216 2877 1413 2942 Vnde
1508 2898 1658 2951 nos,
1755 2882 2104 2941 statutum
2199 2877 2591 2942 huiusmodi

368 2984 857 3068 approbanteS,
915 2982 1406 3066 cupientesque
1462 2981 1759 3065 plurima
1812 2986 2156 3065 quantum
2213 2982 2590 3065 poterimus

367 3088 592 3152 vitare
640 3087 1003 3152 incomoda
1052 3092 1121 3151 et
1172 3086 1495 3171 pericula,
1548 3091 1671 3151 aut
1720 3085 1776 3149 si
1825 3106 2017 3149 secus
2064 3092 2335 3171 gestum
2385 3086 2589 3153 fuerit

368 3192 553 3257 dicte
600 3192 874 3256 ecclesie
922 3190 1167 3255 exinde
1211 3192 1281 3256 in
1330 3191 1642 3256 futurum
1685 3190 2076 3275 contingere
2125 3196 2474 3275 poterunt,
2519 3198 2588 3256 et

368 3296 830 3361 verisimiliter
864 3295 1155 3371 euenire,
1196 3296 1480 3361 Statuto
1516 3295 1826 3379 predicto
1863 3294 2182 3360 addendo
2216 3296 2589 3362 statuimus

368 3407 438 3465 et
490 3400 911 3475 ordinamUS,
965 3400 1153 3485 quod
1203 3400 1259 3463 si
1310 3399 1465 3485 quis
1515 3421 1699 3464 nunc
1750 3399 1820 3464 in
1872 3399 2060 3464 dicta
2111 3400 2391 3465 ecclesia
2442 3422 2588 3485 pre·

369 3505 738 3570 bendarius
778 3505 886 3568 vel
930 3505 999 3569 in
1042 3511 1393 3589 posterum
1436 3504 1814 3588 reperiatur
1852 3504 1970 3588 qui
2014 3510 2255 3569 contra
2297 3504 2588 3570 formam

368 3610 621 3675 statuti
687 3609 975 3694 predicti
1044 3609 1327 3674 alicuius
1393 3609 1738 3693 prebende
1803 3608 2068 3673 fructus
2131 3610 2588 3694 quouismodo

368 3734 703 3799 occupare
753 3733 873 3778 seu
928 3714 1269 3797 percipere
1323 3713 1833 3798 presumpserit,
1889 3714 2168 3778 Extunc
2221 3715 2588 3779 canonicus

372 3819 513 3903 ipse
568 3819 638 3883 in
695 3838 945 3902 penam
1002 3818 1554 3902 transgressionis
1609 3838 1728 3881 sue
1785 3817 2070 3893 fructuS,
2131 3817 2458 3893 reddituS,
2517 3826 2586 3884 et

370 3929 747 4007 prouentus
791 3922 1089 4007 integros
1129 3922 1470 4006 prebende
1511 3921 1641 3985 sibi
1681 3920 1928 3986 collate
1971 3921 2238 3986 tamdiu
2279 3922 2585 4001 amittat,

368 4033 437 4091 et
475 4047 713 4092 eorum
750 4026 1102 4092 ablacione
1139 4046 1218 4091 eo
1255 4026 1403 4110 ipso
1438 4026 1776 4091 multetur
1810 4026 2026 4090 donec
2063 4026 2131 4090 in
2168 4027 2444 4111 propria
2478 4029 2588 4093 vel

367 4130 832 4217 procuratoris
903 4128 1301 4195 sufficientis
1373 4150 1664 4215 persona
1736 4135 2085 4194 statutum
2159 4131 2588 4198 antedictum

366 4236 567 4301 iuxta
640 4234 945 4299 eiusdem
1018 4233 1183 4310 vim,
1260 4234 1575 4309 formam,
1653 4240 1721 4297 et
1795 4234 2118 4299 effectum
2191 4236 2588 4301 omnimodo

365 4340 713 4406 curauerit
776 4339 1158 4412 obseruare,
1230 4338 1569 4424 liceatque
1645 4339 1847 4403 dictis
1931 4338 2250 4422 Capitulo
2335 4340 2584 4424 Ripon'

364 4464 607 4510 omnes
652 4449 723 4507 et
765 4442 1067 4528 singulos
1114 4443 1396 4519 fructuS,
1444 4443 1774 4519 redditus»,
1822 4448 1891 4506 et
1936 4449 2311 4527 prouentus
2356 4444 2586 4509 huius-

362 4548 556 4615 modi
596 4567 719 4633 per
758 4568 829 4612 se
869 4554 939 4612 et
980 4566 1139 4611 suos
1179 4547 1405 4613 medio
1447 4554 1755 4633 tempore
1795 4567 2149 4631 occupare,
2193 4568 2274 4612 ac
2313 4548 2384 4613 in
2423 4569 2588 4615 vsus
