3217 5117
635 464 759 548 198
1198 464 1356 528 THE
1405 462 1719 527 INGILBY
1766 462 2261 529 MANthcmPr.

631 650 701 708 et
756 644 1156 711 induccione
1211 643 1278 707 in
1334 642 1574 707 eadem
1628 641 1859 706 debite
1916 640 2229 706 facienda
2283 641 2725 725 adimplenda
2778 648 2850 705 et

631 748 1030 832 optinenda,
1079 752 1148 811 et
1194 746 1382 831 quod
1431 752 1586 830 post
1634 746 1965 830 premissa
2008 746 2105 809 sic
2149 754 2345 829 gesta
2390 751 2459 809 et
2505 746 2853 830 completa

631 852 940 916 cedente¹
1033 852 1140 915 vel
1230 848 1598 915 decedente
1684 850 1871 914 dicto
1955 849 2119 913 d'no
2208 849 2401 914 Ric’o
2486 850 2856 935 Capellano

632 956 1252 1041 quocienscumque
1276 954 1871 1039 qualitercumque
1894 960 1963 1017 et
1986 953 2567 1039 quandocumque
2591 954 2853 1019 dictam

633 1060 1016 1125 cantariam
1063 1057 1312 1124 futuris
1357 1058 1783 1141 temporibus
1828 1064 1897 1121 et
1941 1078 2187 1122 vacare
2232 1058 2615 1143 contigerit,
2661 1058 2853 1142 quod

293 1165 526 1255 coqueio
637 1170 804 1229 tunc
867 1164 1374 1248 imperpetuum
1437 1162 1608 1226 bene
1671 1162 1901 1227 licebit
1965 1162 2270 1245 capitulo
2333 1162 2557 1226 eccl’ie
2622 1162 2853 1247 Ripon

227 1232 590 1361 ’ζ’ἴῖείἵῖζξζῖ
638 1268 922 1353 predict.
953 1268 1132 1332 infra
1157 1287 1458 1331 mensem
1487 1267 1926 1331 vacacionem
1955 1266 2345 1331 huiusmodi
2373 1272 2629 1331 extunc
2656 1286 2849 1350 prox.

247 1364 580 1494 Ηζῖξζξμῗυ
637 1378 946 1457 sequent.
1015 1392 1230 1436 vnum
1296 1372 1665 1435 honestum
1730 1369 2188 1454 idoneumque
2255 1370 2699 1455 Capelianum
2764 1370 2856 1434 ad

291 1512 536 1546 mnsam.
639 1475 874 1540 divina
914 1474 1322 1540 celebranda
1362 1481 1430 1538 et
1473 1474 1608 1538 alia
1647 1473 1879 1538 debite
1920 1473 2467 1539 administranda
2508 1474 2597 1538 ad
2638 1473 2859 1538 altare

639 1579 770 1645 S'ci
819 1580 1079 1643 Thome
1128 1578 1512 1663 predictum
1561 1586 1631 1641 et
1680 1578 1752 1642 in
1798 1578 2078 1642 ecclesia
2125 1577 2499 1662 Collegiata
2544 1578 2861 1661 predicta

639 1683 951 1749 ordinare
979 1688 1048 1747 et
1077 1683 1454 1767 disponere.
1549 1681 1650 1745 Ac
1676 1682 1773 1746 sic
1798 1682 2119 1747 volumus
2146 1688 2215 1746 et
2243 1681 2639 1747 ordinamus
2666 1682 2859 1766 quod

639 1787 902 1852 dictum
959 1786 1342 1871 capitulum
1403 1785 1653 1870 Ripon’
1714 1786 2083 1870 perpetuis
2120 1786 2371 1849 futuris
2429 1786 2861 1870 temporibus

639 1892 898 1956 dictam
939 1890 1322 1956 cantariam
1363 1890 1570 1955 cicius
1611 1890 1731 1954 vni
1774 1891 2063 1954 honesto
2104 1898 2173 1954 et
2216 1890 2461 1955 idoneo
2501 1890 2861 1975 capellano

641 1995 818 2059 infra
863 1995 1100 2059 villam
1153 1994 1378 2078 Ripon
1428 1994 1536 2058 vel
1585 1994 1831 2059 saltem
1881 1994 2058 2059 infra
2106 1994 2501 2079 parochiam
2550 1994 2861 2060 eiusdem

227 2094 609 2209 Nj‘fc‘ffZ-‘Zig‘’
639 2099 928 2164 oriundo
997 2120 1208 2184 quam
1278 2105 1474 2163 extra
1544 2097 1723 2163 infra
1790 2118 2094 2163 mensem
2164 2099 2635 2183 supradictam
2706 2100 2855 2181 (sic)

311 2227 515 2290 penam·
638 2203 845 2267 libere
875 2203 1183 2268 conferat
1213 2208 1282 2267 et
1314 2202 1647 2267 admittat
1678 2202 1971 2267 eundem
2000 2202 2431 2286 capellanum
2462 2224 2541 2267 ac
2570 2202 2863 2268 inducat

229 2294 588 2419 lfss‘fssafitfflx:
637 2328 757 2371 seu
807 2307 1035 2372 induci
1087 2306 1296 2371 faciat
1345 2306 1671 2370 canonice
1720 2307 1787 2369 in
1837 2306 2220 2370 cantariam
2268 2307 2650 2391 predictam
2696 2328 2863 2371 curn

639 2411 778 2475 suis
821 2411 1080 2476 iuribus
1122 2419 1190 2474 et
1234 2410 1675 2494 pertinencijs
1718 2410 2069 2475 vniuersis.
2164 2411 2257 2475 Et
2299 2410 2375 2486 si,
2419 2411 2608 2495 quod
2649 2412 2858 2486 absit,

639 2514 902 2580 dictum
985 2514 1366 2598 capitulum
1452 2514 1679 2598 Ripon
1766 2514 1943 2579 infra
2042 2535 2344 2579 mensem
2428 2521 2496 2580 et
2584 2522 2866 2600 tempus

641 2618 1026 2703 predictum
1073 2618 1201 2683 sibi
1249 2602 1676 2702 assignatum
1724 2617 1813 2682 ad
1858 2618 2245 2683 conferend.
2296 2618 2504 2684 modo
2549 2619 2865 2703 predicto

640 2723 901 2787 dictam
943 2723 1325 2787 cantariam
1369 2721 1819 2806 necligentem
1862 2723 2005 2786 fore
2046 2730 2167 2788 aut
2210 2724 2566 2788 remissum
2609 2724 2677 2788 in
2721 2744 2865 2789 non

641 2826 1054 2892 conferendo
1156 2826 1546 2891 huiusmodi
1650 2827 2033 2891 cantariam
2134 2827 2403 2911 ydoneo
2503 2827 2866 2912 capellano

363 2929 470 3041 113⁷?
547 2994 556 3003 ,
643 2931 999 3015 contingat
1064 2930 1131 2994 in
1199 2930 1531 3003 futurum,
1599 2937 1855 2995 extunc
1918 2930 2032 2995 illa
2096 2932 2516 3005 vacacione‚²
2579 2940 2869 3017 propter

237 3010 591 3123 neglffixloim
645 3034 1128 3119 necligenciam
1165 3034 1331 3098 dicti
1366 3034 1649 3117 capituli
1689 3034 1963 3118 Ripon’,
2002 3035 2321 3101 volumus
2356 3042 2425 3100 et
2462 3035 2865 3101 ordinamus

213 3128 525 3243 deufflfflaeozff
546 3196 617 3243 aa
643 3138 831 3223 quod
897 3139 1070 3202 bene
1140 3138 1339 3202 liceat
1409 3138 1913 3202 venerabilibus
1980 3139 2144 3203 viris
2212 3139 2516 3223 capitulo
2582 3141 2865 3205 ecclesie

257 3262 572 3323 Capitulum
644 3242 1071 3307 Cathedralis
1121 3242 1326 3307 Ebor.
1379 3242 1556 3306 infra
1604 3262 1821 3307 vnum
1871 3263 2194 3318 mensem,
2246 3243 2510 3308 dictum
2561 3251 2861 3329 tempuS‚

215 3328 409 3377 5⁶⁶9ae
456 3328 611 3377 Ebur.
643 3348 914 3431 prefato
946 3346 1265 3430 Capitulo
1299 3346 1548 3431 Ripon'
1585 3347 1674 3410 ad
1707 3346 2195 3411 conferendum
2228 3347 2626 3423 limitatum,
2663 3370 2860 3433 prox,

641 3456 1064 3535 sequentem,
1137 3450 1250 3514 illa
1322 3450 1468 3514 vice
1537 3450 1798 3515 dictam
1866 3450 2249 3515 cantariam
2318 3450 2436 3516 vni
2504 3452 2865 3536 capellano

641 3554 912 3638 ydoneo
943 3561 1014 3618 et
1048 3554 1357 3629 honest0,
1392 3560 1471 3617 vt
1504 3554 1864 3638 prefertur,
1899 3554 2129 3619 debite
2160 3555 2485 3631 conferre,
2521 3576 2601 3620 ac
2632 3557 2863 3640 ipsum

639 3658 1068 3743 capellanum
1116 3664 1524 3742 perpetuum
1570 3657 1801 3722 induci
1850 3658 2068 3723 facere
2115 3659 2183 3723 in
2222 3658 2483 3735 eadem,
2522 3680 2681 3725 cum
2718 3660 2865 3726 suis

641 3763 902 3827 iuribus
958 3768 1026 3826 et
1085 3761 1526 3846 pertinencijs
1581 3762 1937 3837 vniuersi5‚
1998 3784 2077 3827 ac
2135 3764 2597 3829 iuramentum
2653 3786 2861 3830 suum

641 3866 1071 3931 antedictum
1130 3866 1197 3929 in
1259 3865 1480 3929 forma
1537 3865 1847 3949 predicta
1906 3866 2199 3950 recipere
2256 3867 2341 3931 de
2400 3867 2661 3939 eodem,
2723 3869 2864 3933 alia

639 3990 1075 4055 quacumque
1106 3970 1204 4054 (71
1237 3972 1326 4051 v.)
1353 3990 1436 4033 ex
1468 3976 1637 4034 tunc
1666 3970 1901 4033 futura
1930 3970 2111 4034 dicte
2141 3971 2459 4035 Cantarie
2488 3972 2863 4038 vacacione

639 4075 782 4139 iure
869 4073 1281 4138 conferendo
1365 4073 1627 4137 dictam
1716 4072 2113 4139 Cantariam
2200 4076 2524 4160 quociens
2609 4098 2862 4142 vacare

639 4178 1022 4262 contigerit,
1075 4184 1142 4240 et
1193 4176 1328 4240 alia
1375 4176 1443 4240 in
1494 4196 1574 4241 ea
1623 4183 1820 4261 parte
1870 4178 2215 4261 requesita
2264 4178 2575 4244 faciendo
2623 4187 2694 4244 et
2742 4202 2863 4245 ex-

639 4282 996 4367 pediend0,
1072 4280 1261 4345 dicto
1333 4280 1655 4364 Capitulo
1730 4280 1979 4364 Ripon’
2058 4283 2127 4346 in
2200 4284 2519 4349 omnibus
2590 4304 2867 4369 semper

636 4386 850 4463 salu0,
906 4407 984 4450 ac
1035 4385 1419 4469 specialiter
1469 4392 1818 4450 reseruato
1871 4386 1941 4450 in
1991 4386 2131 4453 suis
2184 4388 2422 4452 robore
2473 4394 2543 4453 et
2594 4388 2865 4457 virtute

683 4500 1293 4507 ———————
1324 4500 1428 4505 --...

779 4546 796 4571 ¹
835 4541 946 4590 MS.
977 4541 1076 4590 has
1107 4538 1438 4588 “sedente.”
1609 4542 1630 4565 ²
1666 4538 1779 4588 MS.
1810 4538 1909 4589 has
1940 4539 2342 4589 “vocacione.”
