3217 5117
1119 447 1307 512 Acrs
1354 465 1444 512 or
1491 446 1851 513 CHAPTER.
2472 462 2591 528 171

383 628 676 692 iacentia
722 627 792 692 in
841 627 1088 711 Ripon'
1139 626 1207 691 in
1253 626 1539 692 diuersis
1583 626 1769 702 lociS,
1817 647 2113 711 quorum
2158 646 2373 691 vnum
2420 626 2597 689 iacet

381 732 450 796 in
487 732 549 796 le
589 732 962 815 Horsfayre
1001 732 1180 796 inter
1214 731 1643 816 mesuagium
1680 731 2043 795 Elizabeth
2080 730 2165 795 de
2204 730 2474 814 Snayth
2511 750 2595 793 ex

379 842 575 921 parte
609 858 748 900 vna
781 844 850 900 et
885 836 1310 920 mesuagium
1345 835 1568 917 Joh'is
1603 835 1975 919 Pakhardy
2008 856 2091 899 ex
2126 840 2322 919 parte
2357 834 2593 907 altera,

379 948 448 1004 et
505 941 691 1005 aliud
745 960 910 1004 meS.
970 940 1147 1004 iacet
1202 940 1272 1004 in
1335 940 1733 1024 Kyrkegate
1790 940 1969 1003 inter
2021 959 2184 1003 mes,
2243 938 2597 1024 quondam

381 1045 601 1127 Joh'is
654 1046 708 1109 F
713 1044 993 1112 rankish
1046 1065 1130 1108 ex
1183 1051 1380 1128 parte
1436 1065 1574 1108 vna
1628 1051 1697 1107 et
1752 1064 1913 1108 meS.
1970 1044 2323 1129 quondam
2377 1043 2597 1125 Joh'is

381 1148 640 1233 Gylyot
683 1170 767 1213 ex
811 1155 1006 1233 parte
1049 1149 1286 1223 altera,
1337 1148 1608 1213 tenend.
1656 1156 1725 1212 et
1769 1149 2062 1213 habend.
2109 1148 2418 1232 predicta
2459 1147 2598 1212 duo

381 1254 730 1338 mesuagia
769 1273 927 1318 cum
969 1254 1108 1318 suis
1150 1253 1396 1337 pertin.
1444 1253 1755 1337 predicto
1795 1252 1944 1317 Ade
1986 1260 2055 1316 et
2098 1252 2598 1317 successoribus

382 1356 520 1422 suis
555 1357 939 1441 Capellanis
973 1356 1281 1421 cantarie
1318 1357 1608 1441 predicti
1646 1357 1884 1421 altaris
1920 1357 2156 1421 diuina
2190 1356 2597 1421 celebraturi

381 1462 663 1547 singulis
701 1462 944 1526 diebus
983 1460 1238 1525 ibidem
1279 1461 1348 1524 in
1389 1461 2030 1545 augmentacionem
2069 1461 2597 1526 sustentacionis

381 1586 522 1641 sue,
569 1566 798 1641 libere,
844 1566 1097 1649 quiete,
1144 1565 1426 1650 integre,
1475 1566 1668 1639 bene,
1716 1572 1785 1628 et
1828 1565 1897 1628 in
1942 1586 2109 1649 pace
2153 1574 2221 1630 et
2266 1566 2597 1650 imperpe-

383 1677 605 1745 tuum,
646 1670 730 1734 de
767 1669 1180 1754 capitalibus
1218 1669 1396 1733 d’nis
1434 1669 1611 1733 feod.
1649 1668 1940 1744 illorum,
1976 1680 2097 1753 ’per
2126 1670 2410 1735 seruicia
2443 1671 2601 1735 inde

383 1774 620 1839 debita
656 1780 726 1839 et
764 1773 849 1838 de
886 1775 1030 1838 iure
1066 1781 1415 1838 consueta.
1515 1774 1627 1837 Ita
1664 1794 1933 1857 semper
1967 1773 2156 1858 quod
2194 1774 2600 1857 Capellanus

384 1879 688 1943 cantarie
760 1879 1066 1962 predicte
1137 1878 1257 1962 qui
1331 1898 1455 1961 pro
1529 1885 1838 1961 tempore
1910 1879 2137 1953 fuerit,
2214 1879 2597 1956 matutiniS‚

385 1984 706 2067 vesperiS,
758 1990 827 2046 et
879 1982 1032 2066 alijs
1081 1982 1264 2046 horis
1312 1981 1657 2046 canonicis
1707 1982 1775 2046 in
1827 1982 2047 2047 Choro
2096 1983 2279 2047 dicte
2328 1983 2602 2047 ecclesie

385 2088 709 2153 continue
738 2086 1027 2151 intersit.
1123 2087 1216 2150 Et
1245 2106 1371 2171 ego
1398 2106 1561 2150 vero
1590 2086 1937 2171 predictus
1967 2087 2196 2151 Dauid
2226 2093 2293 2150 et
2323 2088 2601 2151 heredes

385 2194 519 2256 mei
561 2191 872 2275 predicta
911 2191 1049 2255 duo
1089 2191 1438 2275 mesuagia
1477 2211 1636 2255 cum
1676 2190 1815 2254 suis
1854 2192 2100 2275 pertin.
2144 2192 2415 2275 prefato
2453 2191 2603 2255 Ade

387 2304 456 2361 et
484 2295 985 2361 successoribus
1013 2296 1152 2359 suis
1181 2294 1563 2378 Capellanis
1591 2295 1828 2359 diuina
1854 2295 2296 2360 celebraturis
2322 2296 2605 2381 singulis

386 2400 628 2465 diebus
693 2400 781 2464 ad
846 2399 1062 2463 altare
1125 2398 1512 2483 predictum
1575 2398 1644 2462 in
1708 2399 1931 2463 forma
1991 2400 2302 2484 predicta
2362 2409 2605 2467 contra

385 2525 623 2569 omnes
665 2511 903 2589 gentes
946 2503 1550 2567 warantizabimus
1594 2503 2121 2587 imperpetuum.
2220 2506 2301 2569 In
2345 2527 2401 2571 e.
2450 2527 2499 2571 r.
2549 2515 2598 2572 t.

384 2610 451 2674 h.
487 2631 552 2694 p.
588 2631 646 2673 c,
681 2609 800 2693 sig.
837 2629 929 2672 m.
967 2608 1275 2691 apposui.
1374 2607 1461 2671 H.
1499 2614 1548 2671 t.
1589 2607 1855 2691 Rogero
1886 2607 1970 2672 de
2006 2608 2294 2693 Hewyk,
2330 2610 2604 2676 Simone

385 2713 696 2789 Warede,
729 2712 1096 2777 Cristofero
1126 2711 1474 2795 Mayllore,
1505 2711 1859 2787 militibus,
1891 2713 2092 2794 Joh’e
2120 2709 2203 2778 de
2232 2714 2601 2793 Schirwod‚

387 2819 648 2883 Rob'to
673 2818 759 2881 de
787 2817 1218 2892 BrounhouS,
1249 2816 1449 2897 Joh'e
1476 2816 1560 2879 de
1585 2816 1921 2900 Topclyff,
1952 2818 2153 2900 Joh'e
2180 2819 2263 2883 de
2290 2820 2601 2897 Tanfeld‚

385 2928 458 2987 et
527 2922 766 2987 multis
838 2921 1011 3005 alijs.
1107 2921 1268 2985 Dat.
1347 2919 1532 3003 apud
1609 2920 1859 3005 Rypon
1933 2924 2099 2987 xxix
2172 2924 2281 2989 die
2352 2926 2603 2990 mensis

387 3026 621 3111 Marcij
668 3025 871 3090 Anno
914 3024 1102 3110 regni
1141 3024 1314 3109 regis
1363 3023 1686 3088 Edwardi
1719 3025 1910 3089 tercii
1942 3034 2100 3110 post
2132 3027 2602 3113 Conquestum

387 3130 588 3214 xliij0.

393 3324 568 3407 (254)
649 3320 1010 3403 (Monition
1102 3327 1177 3385 to
1258 3320 1626 3404 Chaplains
1703 3340 1777 3385 as
1868 3328 1940 3386 to
2030 3325 2445 3390 attendance
2535 3326 2603 3391 in

477 3427 919 3512 processions)
935 3478 947 3489 .

567 3582 648 3646 In
702 3581 828 3645 Dei
878 3579 1176 3655 nomine,
1229 3579 1472 3645 Amen.
1567 3580 1731 3657 Nos,
1786 3580 2013 3647 Adam
2064 3584 2149 3648 de
2201 3586 2599 3664 Fenrother,

387 3686 772 3751 Canonicus
855 3684 1368 3749 residenciarius
1451 3684 1611 3749 eccl.
1700 3685 1848 3750 coll.
1941 3687 2211 3772 Ripon',
2299 3692 2447 3756 vice
2531 3700 2600 3756 et

388 3790 806 3856 auctoritate
855 3788 1176 3873 Capituli,
1229 3809 1587 3854 monemus
1639 3797 1708 3853 te
1759 3790 2032 3872 Joh'em
2082 3792 2321 3872 Greve,
2378 3796 2602 3861 Ric'm

386 3894 734 3969 Tankard,
756 3893 1226 3958 Alexandrum
1256 3894 1629 3969 Hakforth,
1659 3893 1722 3956 N
1728 3895 1881 3957 ichm
1910 3896 2295 3980 Mydylton,
2327 3900 2601 3982 Joh’em

386 4000 704 4083 Caldray,
745 3997 999 4063 Will'm
1039 3998 1381 4073 Marshall,
1423 3998 1697 4080 Joh'em
1737 4000 2031 4075 Forster,
2074 4000 2296 4067 Ric’m
2335 4006 2603 4083 Felton,

387 4104 662 4187 Joh'em
709 4102 1082 4186 Westwyk,
1135 4100 1409 4185 Joh'em
1449 4102 1532 4167 de
1581 4103 1887 4179 Skelton,
1930 4104 2185 4171 Will'm
2232 4108 2492 4187 Lelum,
2536 4118 2605 4175 et

388 4208 615 4272 Ric'm
685 4206 1062 4281 Wakefeld,
1139 4205 1541 4290 Capellanos
1614 4208 1683 4271 in
1755 4209 2153 4291 supradicta
2224 4213 2381 4277 eccl.
2457 4215 2607 4279 n'ra

388 4312 640 4396 Ripon’
688 4311 924 4376 diuina
967 4310 1408 4385 celebrante5‚
1456 4311 1787 4394 quatinus
1834 4313 1901 4376 in
1947 4316 2490 4398 processionibus
2535 4326 2605 4383 et

384 4416 462 4481 in
493 4436 740 4501 magna
770 4415 978 4479 missa
1008 4419 1079 4478 et
1109 4414 1178 4478 in
1210 4414 1454 4479 diebus
1486 4414 1864 4480 Dominicis
1895 4425 1963 4481 et
1997 4418 2188 4483 festis
2218 4420 2605 4505 duplicibus

385 4522 462 4586 in
492 4520 679 4585 dicta
707 4519 866 4585 eccl.
902 4524 1140 4584 nostra
1170 4518 1497 4583 faciendis
1529 4520 1598 4583 in
1631 4520 1877 4586 habitu
1907 4524 2283 4590 secundum
2312 4526 2606 4611 gradum

2763 3608 2913 3655 1410,

2763 3662 2893 3711 Dec.
