3217 5117
1127 467 1316 529 Acrs
1361 482 1454 530 oF
1499 464 1858 529 CHAPTER.
2480 480 2601 527 201

389 646 536 729 ipsa
603 645 916 711 cantaria
985 650 1054 708 et
1123 644 1263 710 suis
1332 643 1788 728 occupacione
1858 649 1927 707 et
1997 642 2418 727 possessione
2488 662 2607 726 per

388 750 768 833 capitulum
801 748 1092 833 Riponie
1121 748 1466 812 antedicte
1495 748 1866 812 summarie
1896 753 1965 811 et
1995 747 2079 811 de
2108 747 2315 831 plano
2344 747 2603 831 absque

388 854 668 937 stripitu
727 852 979 937 Judicij
1046 858 1117 916 et
1175 852 1392 937 figura
1451 852 1761 916 totaliter
1820 852 2219 936 expellatur.
2320 852 2607 934 Insuper
2701 856 2746 903 Α
2778 859 2968 931 yearly

389 958 706 1023 volumus
783 964 851 1022 et
931 956 1326 1022 ordinamus
1403 956 1592 1042 quod
1669 956 1958 1042 quilibet
2038 955 2219 1020 dicte
2296 954 2604 1019 cantarie
2702 922 2841 1056 ’,Ἓξ
2867 941 2952 1054 {¹3¹

389 1062 780 1146 capellanus
816 1062 938 1147 qui
975 1082 1100 1145 pro
1139 1068 1446 1145 tempore
1485 1061 1693 1125 fuerit
1734 1060 1943 1125 faciat
1982 1060 2251 1125 obitum
2290 1059 2604 1124 anniuer-

389 1167 643 1231 sarium
707 1167 1214 1251 imperpetuum
1279 1165 1603 1229 vicesimo
1668 1165 1881 1229 tercio
1943 1165 2053 1229 die
2116 1164 2367 1229 mensis
2431 1163 2597 1247 Julij

389 1291 546 1336 cum
607 1270 916 1355 exequijs
980 1271 1048 1335 in
1103 1290 1382 1353 vespere
1435 1270 1865 1353 precedente,
1923 1270 2051 1333 nisi
2113 1270 2471 1354 contingat
2535 1269 2605 1333 in

390 1375 752 1451 dominica,
793 1381 960 1440 tunc
993 1375 1100 1440 die
1135 1374 1530 1439 immediate
1565 1374 1971 1458 precedente
2004 1374 2113 1437 vel
2145 1374 2605 1457 subsequente

388 1480 510 1544 fiat
554 1480 786 1545 obitus
829 1479 1222 1544 antedictus
1269 1499 1394 1563 pro
1439 1478 1802 1543 animabus
1847 1479 2140 1543 fratrum
2184 1484 2253 1543 et
2296 1498 2604 1543 sororum

389 1584 1042 1669 benefactorumque
1105 1583 1561 1649 fraternitatis
1617 1583 1921 1667 predicte
1968 1589 2037 1646 et
2086 1582 2394 1647 omniurn
2443 1582 2605 1646 fide-

388 1688 556 1753 lium
613 1688 1096 1753 defunctorum
1155 1687 1351 1752 annis
1397 1687 1681 1772 singulis
1738 1687 2007 1762 futuriS‚
2058 1687 2387 1752 ministris
2444 1687 2601 1751 eccl.

390 1793 538 1857 coll.
602 1792 995 1876 supradicte
1055 1791 1364 1877 exequijs
1425 1791 1629 1856 huius
1688 1791 1920 1856 obitus
1981 1791 2428 1876 personaliter
2486 1790 2607 1876 qui

390 1890 708 1962 intersint
738 1896 866 1960 nisi
897 1902 1206 1961 cessante
1235 1917 1444 1960 causa
1475 1896 1781 1981 legitima
1811 1901 1880 1959 et
1912 1916 2048 1959 non
2080 1894 2254 1979 alijs,
2288 1895 2605 1960 videlicet
2638 1892 2942 1968 Panyments
2976 1896 3039 1940 to

388 2022 508 2065 sex
543 2001 819 2085 vicarijs
856 2000 1030 2065 duos
1065 2000 1338 2075 solidOS,
1377 2021 1498 2064 sex
1536 2000 1841 2064 diaconis
1878 1999 1970 2083 xij
2016 1999 2349 2075 denariOS,
2392 2000 2606 2064 thuri·
2670 1960 2989 2083 νιὲῗῖιῖἓῗᾱ

392 2104 676 2189 bularijs
720 2112 790 2169 et
833 2104 1148 2169 choristis
1193 2104 1555 2169 duodecim
1601 2104 1937 2179 denariOS,
1984 2104 2265 2168 sacriste
2308 2110 2610 2189 quatuor

391 2210 725 2285 denariOS,
786 2216 856 2273 et
912 2209 1355 2293 campanario
1411 2230 1532 2293 per
1588 2209 1825 2273 villam
1886 2208 2137 2292 Ripon'
2196 2229 2609 2293 campanam
2638 2193 2733 2243 ²¹²⁰
2772 2194 3031 2243 heuman.

389 2314 699 2398 portanti
759 2320 828 2377 et
890 2313 1112 2377 dictas
1174 2313 1496 2397 exequias
1557 2313 2013 2397 proclamanti
2076 2314 2248 2378 duos
2297 2313 2611 2377 denarios

389 2418 670 2501 sterling
761 2417 1244 2502 premissorum
1346 2418 1700 2482 occasione
1828 2418 1912 2482 de
2025 2418 2231 2482 bursa
2334 2418 2609 2502 propria

391 2523 719 2607 persoluit
769 2522 884 2587 illo
931 2522 1040 2586 die
1088 2522 1533 2607 exequiarum
1581 2522 1872 2586 fideliter
1918 2523 2177 2607 absque
2224 2542 2435 2587 mora.
2513 2522 2607 2587 Et

392 2627 582 2712 quod
642 2627 824 2691 dicte
885 2626 1190 2691 cantarie
1250 2626 1606 2710 capellano
1666 2626 1784 2711 qui
1848 2647 1971 2711 pro
2036 2632 2342 2710 tempore
2404 2627 2607 2691 fuerit

394 2731 698 2796 inueniet
745 2737 816 2795 et
862 2736 1205 2795 sustentet
1254 2730 1764 2814 imperpetuum
1811 2731 2164 2816 quoddam
2212 2730 2443 2794 lumen
2490 2751 2609 2794 sex
2639 2738 2685 2785 A
2713 2738 2854 2801 light
2882 2739 2939 2787 of
2958 2740 3044 2786 six

395 2835 815 2900 torchiarum
895 2835 1392 2919 portandorum
1477 2834 1619 2917 (sic)
1704 2842 1775 2899 et
1854 2835 2459 2900 illuminandorum
2540 2835 2609 2898 in
2652 2805 3017 2935 ἐξὲἒῗέἆξζζ

397 2940 589 3004 festis
631 2939 1062 3004 Assencionis
1107 2938 1407 3015 Domini,
1455 2938 1770 3023 Corporis
1818 2940 1978 3023 Xpi,
2025 2947 2095 3004 et
2140 2939 2273 3005 S'ci
2317 2938 2611 3004 Wilfridi

397 3044 468 3107 in
529 3044 960 3128 Autumpn0.
1056 3044 1148 3107 Et
1218 3049 1380 3108 ante
1448 3063 1736 3126 corpora
1803 3044 2095 3108 fratrum
2164 3049 2234 3108 et
2301 3063 2610 3108 sororum

396 3155 828 3213 mortuorum
883 3148 992 3212 die
1047 3147 1397 3231 sepulture
1451 3168 1571 3212 sue
1628 3154 1698 3211 et
1754 3148 1823 3211 in
1880 3148 2184 3213 obitibus
2239 3148 2610 3213 eorundem

397 3252 601 3317 factis
650 3253 739 3317 ad
789 3252 1005 3317 altare
1053 3252 1462 3337 predictum,
1515 3251 1771 3317 scilicet
1822 3252 1953 3317 S’ci
2003 3252 2263 3317 Thorne
2314 3252 2612 3317 Martiris

397 3357 469 3421 in
542 3356 822 3421 ecclesia
892 3356 1310 3440 supradicta.
1405 3356 1498 3421 Et
1571 3356 1877 3441 quinque
1951 3357 2283 3422 ceriorum
2356 3357 2611 3421 ibidem
2641 3366 2815 3416 Other
2852 3366 3041 3431 lights.

397 3467 561 3525 ante
592 3461 808 3525 altare
837 3460 1223 3545 predictum
1252 3481 1458 3545 super
1485 3460 1975 3525 candelabrum
2006 3460 2611 3527 illuminandorum

395 3564 679 3650 singulis
759 3564 1116 3629 dominicis
1197 3571 1266 3628 et
1347 3564 1722 3629 maioribus
1803 3564 2189 3649 duplicibus
2271 3566 2464 3630 festis
2542 3566 2612 3629 in

397 3676 707 3755 tempore
745 3668 908 3733 alte¹
945 3670 1166 3745 misse,
1202 3668 1729 3744 matutinarum,
1764 3675 1834 3732 et
1872 3689 2332 3752 vesperarum,
2367 3671 2612 3735 saltem

396 3773 468 3839 in
563 3772 936 3838 maioribus
1029 3772 1417 3858 duplicibus
1510 3793 1871 3857 quousque
1966 3773 2209 3837 fratres
2304 3775 2613 3839 moderni

399 3878 855 3943 fraternitatis
903 3878 1205 3963 predicte
1252 3876 1699 3963 migrauerint
1750 3878 1839 3941 ab
1888 3898 1969 3941 ac
2021 3877 2161 3960 (sic)
2216 3878 2384 3944 luce.
2482 3879 2613 3945 Pro
2714 3882 2863 3930 Rent
2889 3882 2948 3931 οἱ

395 3984 651 4068 quibus
692 4003 854 4047 vero
895 3983 1208 4067 expensis
1249 3981 1576 4046 faciendis
1618 3980 1929 4065 predicto
1969 3981 2321 4065 capellano
2362 3990 2431 4047 et
2472 3984 2613 4050 suis
2648 3949 2873 4063 ¹³⁵1'affll'
2896 3949 3040 4063 ἔξω

395 4086 899 4153 successoribus
929 4086 1297 4171 capellanis
1327 4086 1633 4150 cantarie
1667 4085 1970 4170 predicte
2002 4107 2273 4151 annuus
2304 4087 2613 4154 redditus
2727 4082 2975 4131 Skelton.

395 4190 762 4259 tresdecim
821 4190 1193 4255 solidorum
1254 4196 1324 4253 et
1382 4197 1685 4274 quatuor
1743 4190 2179 4255 denariorum
2239 4192 2469 4256 exiens
2529 4193 2613 4258 de

395 4297 670 4361 duobus
712 4294 1080 4380 mesuagijs
1123 4300 1191 4358 et
1235 4300 1538 4378 quatuor
1579 4295 1875 4358 bouatas
1924 4295 2064 4377 (sic)
2116 4302 2291 4360 terre
2336 4296 2404 4360 in
2449 4298 2613 4363 villa

395 4408 469 4466 et
519 4400 863 4465 territorio
911 4400 996 4464 de
1045 4398 1350 4473 Skelton,
1401 4418 1535 4482 que
1582 4419 1803 4483 nuper
1850 4399 2128 4465 fuerunt
2179 4400 2354 4465 Ric'i
2404 4401 2614 4468 Ward

543 4560 559 4585 ¹
601 4560 632 4577 ⁴¹
652 4554 780 4605 Alte
797 4554 828 4575 ''
859 4552 1121 4619 repeated
1147 4551 1205 4601 in
1232 4550 1329 4602 the
1354 4550 1468 4602 MS.
