3217 5117
565 441 694 507 270
1148 429 1306 494 THE
1357 429 1670 496 INGILRY
1717 430 2213 496 MANUSCRIPT.

566 608 635 667 et
695 625 874 671 succ‚
931 627 983 672 S.
1043 629 1122 672 ac
1177 608 1317 673 suis
1371 610 1744 674 attornatis
1798 609 2160 694 assignatis
2212 610 2669 674 seruientibus
2722 616 2793 674 et

565 708 896 774 ministris
949 713 1016 776 in
1071 713 1380 796 predicto
1431 715 1739 779 manerio
1790 716 2095 799 ipsorum
2148 716 2257 780 Pr.
2312 722 2382 779 et
2435 715 2646 780 Conu.
2703 715 2791 779 de

567 811 909 880 Ledeston
949 817 1015 880 in
1055 817 1241 882 Com.
1285 819 1490 882 Ebor.
1533 839 1691 883 cum
1730 826 1902 902 pert.
1944 840 1995 885 5.
2038 819 2294 886 intrare
2332 827 2403 883 et
2441 819 2509 884 in
2548 819 2791 883 eodem

565 917 986 1003 distringere,
1037 928 1106 985 et
1155 921 1623 986 districciones
1670 922 1766 986 sic
1812 929 2055 1007 captas
2107 923 2467 998 abducere,
2524 923 2785 1008 fugare,

564 1021 707 1086 siue
771 1033 1145 1108 asportare,
1211 1032 1281 1091 et
1338 1047 1548 1112 penes
1601 1047 1673 1091 se
1728 1028 2039 1102 retinere,
2098 1048 2457 1113 quousque
2512 1027 2645 1091 sibi
2700 1026 2787 1090 de

565 1127 926 1211 arreragijs
1015 1130 1302 1213 predicti
1391 1132 1600 1196 annui
1694 1132 2002 1198 redditus
2077 1133 2311 1197 decem
2398 1151 2786 1196 marcarum

565 1230 865 1314 plenarie
946 1233 1150 1299 fuerit
1229 1235 1665 1300 satisfactum
1745 1243 1814 1300 et
1893 1237 2322 1322 persolutum
2401 1236 2489 1302 ad
2568 1237 2787 1302 altare

565 1336 973 1418 predictum,
1067 1338 1211 1403 sine
1302 1338 1564 1404 clameo
1656 1342 1764 1405 vel
1856 1342 2352 1426 impedimento
2441 1341 2787 1406 dictorum

569 1440 817 1526 Prioris
856 1450 924 1507 et
965 1443 1362 1509 Conuentus
1401 1444 1510 1509 vel
1549 1466 1912 1512 successor.
1956 1468 2007 1512 5.
2052 1445 2581 1531 imperpetuum.

138 1571 378 1686 wssssdtg
399 1571 540 1686 ,ξ’ξνρ
746 1587 844 1653 Et
891 1588 955 1652 si
1005 1589 1240 1656 dictus
1283 1587 1690 1672 Capelianus
1728 1589 2045 1654 Cantarie
2083 1588 2387 1673 predicte
2433 1595 2555 1653 aut
2605 1608 2785 1652 succ.

155 1705 250 1753 the.
277 1705 522 1767 writings
569 1711 621 1755 5.
653 1691 995 1756 voluerint
1025 1692 1093 1757 in
1123 1693 1334 1758 futur.
1369 1694 1619 1758 habere
1649 1698 2033 1777 presentem
2062 1699 2327 1758 cartam
2355 1698 2783 1766 renouatam,

152 1772 522 1896 ᾒζξζιξζξᾶὴθ
569 1795 654 1859 (16
713 1816 897 1861 nouo
957 1797 1307 1880 scriptam,
1373 1804 1441 1862 et
1504 1797 1588 1862 de
1650 1818 1833 1863 nouo
1894 1798 2285 1882 sigillatam,
2350 1817 2475 1860 nos
2534 1795 2783 1879 prefat.

254 1895 262 1902 ’
567 1899 962 1984 Capitulum
1038 1921 1161 1984 pro
1235 1903 1431 1967 nobis
1506 1909 1574 1966 et
1650 1923 1828 1967 succ.
1908 1923 1973 1967 n.
2052 1901 2491 1966 concedimus
2563 1900 2786 1965 eidem

565 2003 932 2088 Capellano
993 2004 1312 2070 Cantarie
1373 2004 1677 2090 predicte
1738 2013 1807 2070 et
1869 2027 2048 2071 succ,
2112 2027 2164 2071 5.
2230 2025 2352 2091 per
2411 2010 2783 2089 presentes

563 2107 750 2173 illam
791 2128 1119 2173 renouare
1161 2110 1245 2173 de
1287 2131 1488 2185 nou0,
1531 2110 1845 2186 scribere,
1887 2118 1956 2175 et
1998 2111 2084 2175 de
2124 2131 2309 2176 nouo
2347 2109 2659 2194 sigillare,
2704 2129 2787 2172 ac

561 2214 780 2278 eidem
840 2213 1209 2298 Capellano
1268 2214 1588 2281 Cantarie
1648 2215 1951 2298 predicte
2010 2223 2079 2280 et
2138 2236 2317 2280 succ.
2379 2235 2432 2279 s,
2494 2214 2787 2278 eandem

560 2318 932 2382 deliberare
1024 2339 1229 2403 super
1322 2319 1717 2384 racionabili
1819 2320 2265 2404 requisicione
2358 2339 2481 2403 per
2556 2317 2784 2402 ipsum

562 2422 1004 2507 Capellanum
1038 2421 1356 2488 Cantarie
1389 2423 1695 2508 predicte
1727 2424 1836 2488 vel
1870 2445 2047 2489 suco
2086 2444 2245 2489 suos
2277 2424 2477 2489 nobis
2510 2423 2785 2508 prefato

566 2527 884 2612 Capitulo
923 2534 1045 2592 aut
1081 2548 1260 2592 succ‚
1302 2527 1466 2593 n’ris
1505 2529 1662 2594 inde
1699 2528 2032 2594 facienda.

205 2665 321 2713 The
357 2669 468 2714 two
745 2667 825 2730 In
884 2666 1091 2731 cuius
1133 2670 1226 2734 rei
1266 2677 1424 2736 test.
1460 2690 1585 2735 nos
1616 2671 1964 2755 prefatum
2008 2670 2405 2756 Capitulum
2443 2670 2561 2735 vni
2600 2670 2783 2754 parti

135 2733 536 2848 iffissfftffietgffe
565 2775 767 2840 huius
858 2775 1060 2841 Carte
1148 2775 1508 2840 indentate
1598 2795 1807 2859 penes
1898 2775 2246 2860 prefatum
2336 2774 2785 2860 Capellanum

134 2865 538 2996 ῗέιξὲῗέρῑζξὲᾞ
566 2879 886 2944 Cantarie
934 2879 1237 2964 predicte
1285 2879 1665 2944 remanenti
1715 2879 1834 2964 sig.
1886 2879 2113 2944 n'rum
2160 2899 2524 2945 commune
2571 2900 2785 2964 appo-

135 3001 229 3047 the
267 2999 536 3074 Chaplain
565 2984 846 3060 suimus
883 2985 1076 3049 alteri
1120 3004 1283 3048 vero
1327 2984 1506 3068 parti
1550 2984 1753 3049 huius
1796 2990 1983 3049 carte
2020 2985 2377 3049 indentate
2409 3004 2616 3068 penes
2656 3005 2783 3049 nos

142 3065 507 3130 ‘⁰³P⁰⁶¹¹V‘'¹Y
565 3087 810 3172 prefat.
847 3088 959 3152 Ca.
995 3087 1398 3164 remanenti,
1433 3086 1659 3152 dictus
1691 3087 2097 3172 Capellanus
2127 3087 2445 3153 Cantarie
2476 3087 2783 3171 predicte

563 3193 755 3277 sigill.
796 3213 999 3258 suum
1036 3193 1380 3277 apposuit.

737 3334 898 3399 Dat.
966 3333 1374 3399 duodecimo
1437 3334 1546 3398 die
1609 3335 1863 3399 mensis
1927 3335 2284 3400 Decembr.
2350 3335 2553 3399 Anno
2616 3334 2779 3399 D’ni

562 3438 846 3504 Mill'mo
916 3439 1594 3523 quadringentesimo
1666 3439 2088 3523 sexagesimo
2160 3445 2379 3514 sext0,
2454 3445 2523 3505 et
2596 3460 2779 3504 anno

559 3543 746 3629 regni
786 3542 992 3628 Regis
1030 3543 1352 3608 Edwardi
1389 3542 1482 3627 iiij
1495 3543 1526 3586 ²³
1568 3550 1786 3610 sexto,
2576 3549 2580 3553 '

565 3723 738 3804 (355)
799 3721 1246 3805 (Concerning
1294 3722 1413 3785 the
1459 3727 1662 3806 grant
1712 3721 1783 3784 of
1830 3727 1949 3786 ten
1998 3723 2229 3786 marks
2278 3691 2391 3786 for.
2430 3723 2777 3788 Sendale's

649 3827 1006 3913 Chantry).

261 3996 410 4056 1406·
559 4013 635 4078 91
679 4017 740 4061 v.
869 3995 1221 4062 Omnibus
1295 3996 1389 4060 ad
1465 4013 1651 4075 quos
1753 4013 2027 4078 presens
2124 3999 2317 4058 carta
2414 3994 2777 4060 indentata

201 4065 334 4113 Dec.
377 4075 459 4121 24·
560 4097 967 4183 peruenerit,
1049 4097 1422 4180 JohanneS,
1502 4097 1695 4163 Prior
1768 4099 2189 4182 Monasterij,
2271 4098 2556 4175 DomuS,
2632 4101 2775 4164 siue

562 4203 913 4268 Prioratus
951 4201 1186 4268 Sancti
1225 4202 1562 4285 Johannis
1600 4201 1785 4286 Ap’li
1823 4207 1891 4266 et
1932 4203 2371 4288 Euangeliste
2402 4203 2487 4267 de
2527 4204 2775 4269 Ponte-

560 4307 780 4371 fracto
839 4312 909 4370 et
971 4305 1272 4369 eiusdem
1335 4305 1462 4369 loci
1527 4304 1944 4382 ConuentuS,
2009 4306 2322 4372 salutem.
2418 4306 2589 4372 Cum
2650 4329 2775 4373 nos

559 4409 864 4476 vnanimi
895 4429 1227 4474 consensu
1257 4414 1325 4473 et
1357 4429 1637 4479 assensu
1666 4411 1915 4476 nostris
1947 4432 2069 4495 per
2098 4412 2429 4496 scripturn
2459 4420 2773 4478 nostrum

227 4526 438 4657 ἓῡὲἔξ,
558 4515 998 4580 indentatum
1035 4514 1228 4579 cuius
1265 4515 1434 4579 data
1471 4521 1574 4579 est
1614 4515 1995 4600 penultimo
2033 4516 2142 4582 die
2178 4517 2430 4582 mensis
2474 4517 2771 4583 Nouem-
