3217 5117
1147 449 1336 515 Acrs
1382 464 1475 514 oF
1518 447 1878 515 CHAPTER.
2497 463 2625 533 207

405 650 527 715 per
561 630 1106 694 commissarium
1143 635 1457 694 nostrum
1495 628 1584 693 ad
1622 628 1751 693 hoc
1787 628 2173 713 specialiter
2208 627 2624 712 deputatum

405 734 634 800 induci
672 734 957 799 fecimus
988 754 1114 799 suo
1147 740 1480 817 perpetuo
1512 732 1897 817 optinend.¹
1930 732 2029 796 ita
2062 732 2250 817 quod
2282 731 2623 796 deseruiat

408 846 554 904 tam
625 839 694 903 in
767 838 970 903 altari
1041 837 1346 922 predicte
1415 837 1721 901 cantarie
1792 857 2002 922 quam
2074 837 2281 900 choro
2351 835 2624 900 ecclesie

408 943 712 1028 predicte
768 941 1146 1008 secundum
1204 942 1498 1007 formam
1555 940 2011 1006 ordinacionis
2066 940 2210 1005 siue
2268 946 2625 1005 aumenta-

406 1047 620 1112 cionis
707 1047 1012 1112 cantarie
1100 1046 1422 1131 predicte.
1520 1046 1602 1110 In
1690 1046 1884 1111 cuius
1970 1045 2064 1109 rei
2153 1045 2626 1109 testimonium

405 1152 702 1237 sigillum
771 1157 1084 1216 nostrum
1154 1151 1584 1235 presentibus
1652 1158 1755 1215 est
1824 1170 2225 1235 appensum.
2321 1149 2483 1214 Dat.
2556 1149 2623 1212 in

407 1257 615 1321 domo
687 1262 922 1320 nostra
995 1254 1374 1339 Capitulari
1447 1254 1723 1339 Ripon’,
1799 1254 2121 1319 vicesimo
2192 1260 2443 1339 quarto
2515 1253 2624 1318 die

407 1360 658 1427 mensis
718 1361 1098 1445 Septembr.
1161 1360 1362 1423 Anno
1425 1359 1586 1424 D'ni
1650 1358 1931 1423 Mill’mo
1993 1368 2221 1423 ccccm
2283 1358 2625 1422 tricesimo

409 1467 641 1531 tercio,

410 1653 492 1722 73
517 1661 579 1705 v.
665 1643 840 1727 (294)
893 1643 1307 1725 (Admission
1350 1648 1424 1706 to
1465 1663 1506 1707 a
1547 1641 1865 1724 Canonry
1904 1641 2041 1706 and
2084 1640 2444 1721 Prebend).

584 1810 981 1895 Capitulum
1013 1808 1171 1874 eccl.
1207 1809 1356 1874 coll.
1395 1807 1580 1872 beati
1616 1807 1830 1872 Wilfr.
1871 1808 2025 1891 Rip.
2062 1807 2443 1872 honorabili
2477 1806 2624 1871 viro

411 1914 740 2000 magistro
786 1914 1042 1980 Simoni
1088 1913 1327 1989 Alcok,
1375 1933 1562 1977 sacre
1607 1912 1853 1997 pagine
1898 1912 2283 1996 professori,
2330 1912 2625 1976 salutem

408 2020 480 2083 in
518 2019 795 2083 sinceris
829 2018 1260 2102 amplexibus
1299 2017 1695 2083 SaluatoriS.
1791 2017 1901 2081 Ad
1939 2017 2424 2081 canonicatum
2463 2016 2621 2081 eccl.

408 2128 640 2187 nostre
671 2122 920 2207 Ripon'
952 2128 1020 2185 et
1049 2122 1139 2187 ad
1165 2121 1586 2206 prebendam
1616 2121 1699 2185 de
1729 2120 2262 2206 Staynewygges
2288 2120 2357 2184 in
2384 2120 2625 2185 eadem

407 2247 530 2312 per
574 2234 866 2292 mortem
913 2226 1054 2291 d’ni
1101 2226 1321 2309 Joh'is
1367 2226 1558 2290 Dene
1602 2226 1829 2290 vltimi
1874 2225 2180 2290 canonici
2228 2232 2297 2289 et
2341 2226 2625 2309 preben-

407 2330 580 2415 darij
629 2332 1000 2396 eorundem
1041 2338 1390 2407 vacanteS,
1435 2336 1503 2394 et
1545 2330 1675 2393 sibi
1716 2350 1836 2413 per
1876 2328 2513 2395 reuerendissimum
2554 2329 2623 2393 in

408 2457 549 2520 xpo
602 2441 872 2520 patrem
925 2442 994 2499 et
1049 2435 1239 2499 d'nm
1294 2434 1651 2499 dominum
1706 2434 1980 2517 Joh'em
2034 2434 2159 2498 Dei
2214 2453 2354 2519 gra.
2414 2434 2619 2499 Ebor.

407 2540 805 2624 archiep'm,
853 2540 1092 2625 Anglie
1134 2539 1533 2623 primatem,
1571 2545 1641 2603 et
1686 2538 2057 2624 apostolice
2099 2538 2277 2602 sedis
2320 2538 2623 2622 legatum

407 2645 716 2720 collatOS,
789 2651 858 2708 te
924 2644 994 2707 in
1061 2664 1424 2728 personam
1492 2643 1801 2727 Magistri
1868 2642 2206 2727 Johannis
2275 2641 2622 2717 Marchall,

407 2747 653 2824 clerici,
710 2748 1171 2832 procuratoris
1233 2748 1336 2812 tui
1397 2747 1847 2813 sufficientem
1905 2768 1945 2812 a
2002 2753 2071 2811 te
2126 2747 2194 2811 in
2247 2746 2377 2811 hac
2428 2752 2625 2831 parte

407 2859 832 2937 potestatem
903 2852 1242 2927 habentiS,
1317 2852 1773 2929 admittimuS,
1838 2858 2045 2937 teque
2107 2851 2289 2916 dicte
2350 2851 2625 2916 ecclesie

407 2958 764 3043 collegiate
815 2956 1177 3041 recipimus
1228 2957 1299 3021 in
1349 2957 1756 3022 canonicum
1807 2962 1876 3021 et
1927 2956 2364 3027 confratrem.
2418 2956 2625 3041 assig-

409 3068 656 3127 nantes
698 3062 825 3126 tibi
867 3081 946 3126 ac
986 3060 1173 3125 dicto
1212 3060 1639 3145 procuratori
1681 3067 1803 3126 tuo
1844 3066 1966 3125 tuo
2005 3061 2301 3136 nomine,
2344 3060 2625 3125 stallum

407 3167 480 3231 in
536 3167 743 3232 choro
806 3172 876 3230 et
937 3166 1161 3230 locum
1223 3165 1291 3229 in
1347 3165 1653 3250 capitulo
1713 3164 1894 3229 dicte
1947 3165 2221 3229 ecclesie
2272 3164 2626 3249 collegiate

410 3271 612 3335 dictis
665 3269 1101 3335 canonicatui
1157 3275 1225 3333 et
1279 3269 1623 3353 prebende
1676 3270 1765 3333 ab
1819 3270 2109 3353 antiquo
2162 3269 2624 3353 pertinentia;

410 3375 838 3439 decernimus
885 3375 1100 3439 eciam
1151 3380 1218 3437 te
1265 3380 1335 3437 et
1382 3372 1647 3438 dictum
1694 3379 2207 3458 procuratorem
2255 3378 2456 3437 tuum
2504 3380 2629 3438 tuo

411 3478 686 3544 nomine
732 3479 802 3542 in
848 3478 1268 3562 corporalem
1313 3478 1810 3561 possessionem
1854 3477 2037 3541 dicte
2081 3477 2425 3560 prebende
2470 3498 2628 3542 cum

411 3584 552 3647 suis
589 3583 852 3648 iuribus
888 3588 958 3646 et
998 3582 1437 3666 pertinencijs
1477 3580 1811 3645 vniuersis
1848 3601 1970 3665 per
2006 3580 2197 3645 d'nm
2237 3580 2629 3663 Johannem

413 3686 825 3751 Schirburne
877 3685 1341 3750 Camerarium
1395 3685 1671 3749 ecclesie
1723 3685 2077 3769 collegiate
2128 3684 2433 3769 predicte
2486 3686 2629 3751 fore

413 3790 779 3855 actualiter
827 3789 1216 3865 inducend.,
1270 3788 1577 3871 Juribus‚
1630 3788 2086 3865 libertatibuS,
2143 3795 2210 3852 et
2266 3796 2629 3855 consuetu-

412 3894 689 3959 dinibus
747 3893 1000 3958 nostris
1057 3900 1126 3957 et
1184 3892 1343 3957 eccl.
1407 3892 1761 3978 collegiate
1818 3891 2123 3977 predicte
2182 3892 2251 3957 in
2310 3894 2631 3959 omnibus

409 4018 680 4082 semper
707 3998 935 4062 saluis,
1032 3996 1112 4061 In
1141 3997 1334 4062 cuius
1365 3997 1458 4062 rei
1488 3996 1961 4062 testimonium
1991 3996 2285 4082 sigillum
2315 4004 2629 4062 nostrum

411 4103 845 4188 presentibus
897 4106 1002 4165 est
1055 4122 1456 4186 appensum.
1552 4102 1715 4167 Dat.
1772 4101 1843 4167 in
1896 4101 2103 4166 domo
2156 4107 2394 4166 nostra
2446 4102 2629 4186 capi-

411 4206 619 4272 tulari
645 4206 704 4289 j⁰
724 4206 833 4270 die
857 4204 1107 4270 mensis
1139 4204 1334 4289 Julij,
1357 4205 1560 4270 Anno
1587 4206 1749 4270 D’ni
1778 4206 2011 4271 Mill’io
2032 4216 2261 4271 ccccm⁰
2289 4206 2631 4270 tricesimo

413 4312 685 4398 quinto,

557 4539 572 4561 ¹
611 4533 937 4598 Something
965 4536 1115 4579 must
1143 4532 1286 4579 have
1313 4531 1452 4581 been
1480 4532 1719 4581 omitted
1749 4532 1891 4581 here.

2780 1840 2927 1889 1435.

2749 1895 2883 1958 July
2917 1909 2956 1942 1.

2652 2439 2793 2503 Abp.
2820 2441 3050 2503 Kempe.
