3217 5117
564 476 692 544 282
1136 480 1296 545 THE
1347 479 1662 544 INGILBY
1710 479 2208 547 MANthcmPT.

566 658 958 724 huiusmodi
979 681 1060 724 ac
1082 659 1216 724 alia
1238 658 1510 724 diuersa
1530 657 1989 724 consciencias
2010 665 2282 724 nostras
2301 657 2790 724 concernencia

565 763 1017 829 effectualiter
1062 764 1408 840 scrutatiS,
1460 763 1855 848 planissime
1903 770 2194 849 apparet
2238 763 2429 848 quod
2475 762 2787 848 quolibet

137 875 180 924 Α
207 877 416 925 service
450 877 534 925 for
564 888 795 932 mense
833 889 972 934 vno
1011 869 1119 933 die
1158 889 1297 953 quo
1335 868 1765 934 commodius
1802 867 1945 932 fieri
1992 868 2248 953 poterit
2290 868 2464 932 fiant
2500 867 2787 952 exequie

151 943 300 1059 ἓξὲξ
313 943 516 1059 ὀῒιῖζθζ
561 972 946 1057 solempnes
1003 973 1072 1038 in
1129 975 1338 1038 choro
1400 994 1526 1057 pro
1581 973 1948 1038 animabus
2004 971 2396 1037 Athelstani
2455 971 2660 1057 Regis
2716 977 2788 1036 et

223 1077 438 1126 month.
564 1077 852 1142 aliorum
907 1098 1142 1162 regum
1197 1084 1267 1142 et
1321 1077 1732 1162 pontificum
1788 1098 1868 1142 ac
1920 1077 2407 1142 canonicorum
2460 1083 2530 1140 et
2584 1075 2788 1141 bene·

565 1181 908 1247 sactorum
947 1183 1248 1247 Ecclesie
1285 1183 1558 1266 Ripon’.

207 1327 338 1376 Also
356 1341 462 1376 one
740 1325 919 1389 Item
961 1325 1149 1410 quod
1192 1325 1501 1410 quolibet
1545 1345 1728 1390 anno
1771 1345 1910 1388 vno
1953 1323 2063 1388 die
2106 1324 2277 1388 fiant
2320 1323 2667 1408 generales
2710 1328 2782 1387 et

132 1408 533 1510 af'tnffhi'ciieilib
562 1430 946 1514 solempnes
999 1429 1284 1514 exequie
1336 1427 1631 1513 predicti
1685 1427 2077 1492 Athelstani
2132 1426 2359 1513 Regis,
2412 1426 2483 1491 in
2534 1426 2789 1511 quibus

134 1531 534 1643 ηἱζῖζῑὲξὲῗὲἲε
562 1533 978 1599 conueniant
1042 1554 1278 1598 omnes
1343 1531 1621 1618 fugitiui
1685 1531 1773 1596 ad
1838 1530 2167 1596 Eccl’iam
2222 1537 2291 1595 et
2346 1529 2791 1615 solempniter

133 1666 373 1725 present,
421 1661 531 1709 and
562 1637 924 1702 claseicum
951 1653 966 1684 ¹
1014 1638 1310 1722 pulsent,
1344 1643 1415 1702 et
1448 1637 1517 1702 in
1557 1637 1768 1700 missa
1800 1636 2095 1700 offerant
2127 1655 2142 1712 ;
2191 1634 2312 1720 qui
2344 1655 2507 1700 vero
2540 1637 2787 1700 absens

148 1729 518 1845 {giffffffggj
565 1741 770 1806 fuerit
833 1742 1060 1806 soluat
1126 1741 1382 1806 fabrice
1443 1740 1672 1805 eccl'ie
1734 1739 1927 1823 xijd:
2002 1739 2181 1804 Item
2243 1739 2433 1823 quod
2495 1739 2785 1824 quilibet

563 1845 896 1930 fugitiuus
950 1845 1019 1910 in
1074 1845 1296 1929 prima
1349 1843 1765 1910 admiscione
1819 1865 1944 1908 sua
1997 1844 2087 1909 ad
2141 1843 2534 1908 libertatem
2588 1843 2787 1908 istius

565 1949 814 2014 Eccl’ie
847 1949 932 2014 de
965 1950 1396 2014 obseruando
1428 1949 1739 2034 predicta
1770 1953 2043 2013 statuta
2076 1948 2427 2032 corporale
2458 1947 2787 2032 pristabit

134 2057 234 2105 we
263 2056 376 2104 find
405 2055 535 2102 that
563 2054 1072 2137 Juramentum.
1169 2052 1312 2118 Nos
1339 2072 1502 2116 vero
1529 2051 1928 2136 Capitulum
1956 2051 2363 2116 modernum
2392 2050 2787 2116 huiusmodi

153 2123 518 2252 ῐὲῗηῖζῗξζξιῗ
562 2163 834 2223 statuta
898 2157 967 2222 in
1032 2157 1240 2222 domo
1304 2163 1541 2221 nostra
1605 2155 1983 2240 Capitulari
2051 2156 2118 2220 in
2185 2155 2484 2241 presenti
2549 2162 2789 2220 nostra

193 2257 478 2369 thesehser-
562 2261 1077 2326 Conuocacione
1145 2260 1440 2346 generali
1512 2259 1796 2324 fecimus
1865 2261 2137 2345 publice
2206 2260 2479 2345 perlegi,
2552 2265 2622 2324 et
2694 2279 2785 2324 an

167 2338 315 2439 vagis
333 2335 491 2437 bgiie
562 2364 956 2430 huiusmodi
1016 2369 1287 2429 statuta
1349 2363 1603 2428 fuerint
1668 2362 2095 2449 temporibus
2156 2362 2526 2428 transactis
2586 2363 2787 2448 plene

157 2457 504 2572 sunzgcpser-
563 2469 633 2533 in
709 2469 1028 2534 omnibus
1099 2469 1469 2533 obseruata
1540 2489 1629 2533 an
1701 2488 1860 2545 non,
1936 2475 2005 2533 et
2078 2489 2197 2553 per
2268 2467 2791 2553 inquisicionem

389 2561 400 2578 ⁹
566 2579 876 2638 nostram
929 2593 1134 2658 super
1185 2573 1529 2657 premissis
1583 2573 1945 2662 diligenter
1998 2576 2257 2642 factam
2312 2597 2395 2641 ex
2453 2576 2792 2642 relacione

539 2678 908 2760 ,seniorum
947 2677 1417 2743 ministrorum
1456 2677 1760 2744 eiusdem
1802 2680 2049 2745 Eccl’ie
2087 2686 2319 2746 nostre
2358 2686 2791 2765 compertum

135 2798 239 2846 but
257 2796 384 2845 that
401 2794 534 2880 oply
563 2787 668 2846 est
697 2781 1088 2847 huiusmodi
1117 2782 1403 2846 Statuta
1429 2802 1567 2847 non
1597 2782 1804 2849 fuisse
1832 2785 2029 2869 plene
2057 2785 2427 2850 obseruata
2456 2785 2525 2849 in
2556 2785 2791 2869 aliquo

185 2865 487 2979 {322⁶ssss
565 2891 874 2971 tempore
901 2892 1274 2961 transacto,
1301 2885 1431 2951 viz.
1463 2886 1641 2952 infra
1667 2895 1940 2973 tempus
1967 2889 2034 2954 in
2060 2889 2390 2955 memoria
2414 2889 2790 2954 eorundem

169 2999 310 3047 been
343 2995 496 3059 kept,
564 2990 887 3066 existens,
915 2990 1036 3055 sed
1061 2989 1249 3075 quod
1278 2994 1556 3055 tantum
1581 2992 1791 3056 semel
1816 2993 2101 3078 exequie
2124 2994 2509 3078 solempnes
2534 2993 2788 3078 prefati

139 3065 320 3180 wlffid
335 3063 534 3178 rtgssttes
566 3094 960 3159 Athelstani
1021 3093 1226 3180 Regis
1286 3093 1565 3159 suerunt
1626 3098 1987 3162 annuatim
2047 3097 2407 3174 celebrate,
2469 3103 2539 3162 et
2597 3097 2792 3182 quod

150 3204 212 3248 to
238 3199 334 3247 the
363 3208 520 3245 58ηο-
563 3205 934 3275 statutum,
989 3206 1334 3283 quantum
1388 3199 1476 3264 ad
1532 3200 1865 3286 fugitiuos
1917 3201 2283 3287 predictOS,
2339 3202 2528 3267 nullo
2580 3201 2791 3266 modo

132 3271 534 3382 ὴὲξῗῖζςῃιζὲἓη
564 3325 648 3368 ex
717 3303 938 3368 multo
1009 3309 1317 3387 tempore
1385 3305 1716 3388 preterito
1784 3305 1917 3369 suit
1985 3312 2108 3370 aut
2176 3311 2279 3370 est
2348 3304 2418 3370 in
2486 3304 2789 3390 presenti

181 3397 494 3516 ζῖξεὶτῖὲἕῐ
563 3409 1030 3472 obseruatum.
1127 3407 1232 3470 Ea
1304 3413 1586 3492 propter
1661 3429 1784 3474 nos
1858 3409 2255 3493 Capitulum
2331 3410 2787 3484 antedictum,

564 3511 876 3577 nolentes
986 3509 1377 3575 huiusmodi
1485 3518 1759 3577 statuta
1868 3513 2169 3578 salubria
2280 3521 2791 3580 antecessorum

565 3621 958 3680 nostrorum
982 3615 1051 3678 in
1078 3614 1398 3679 omnibus
1421 3616 1698 3699 penitus
1722 3619 2053 3703 extingui,
2080 3618 2260 3683 sicut
2284 3639 2410 3684 nec
2433 3619 2786 3694 debemus,

173 3735 272 3812 we
299 3733 375 3782 do
400 3734 501 3780 not
566 3718 1008 3784 attendentes
1063 3725 1298 3783 tamen
1355 3719 1747 3787 huiusmodi
1803 3728 2076 3788 statuta
2131 3723 2337 3788 fuisse
2391 3729 2461 3788 et
2516 3743 2661 3788 esse
2715 3724 2787 3789 in

203 3801 338 3850 w¹⁵¹¹
367 3798 463 3848 the
563 3829 761 3907 parte
794 3822 996 3887 nimis
1028 3842 1314 3887 onerosa
1345 3822 1674 3887 ministris
1706 3827 1931 3892 eccl’ie
1964 3827 2128 3903 n’re,
2164 3833 2234 3891 et
2271 3827 2629 3912 presertim
2660 3849 2787 3893 sex

165 3870 410 3918 statutae
438 3869 498 3913 to

171 3937 240 3985 be
267 3933 324 3983 οἱ
352 3945 496 3981 none
561 3927 838 4010 vicarijs
880 3925 1350 3992 omnimodam
1391 3947 1628 3992 curam
1669 3932 2056 3996 animarum
2097 3933 2672 4015 parochianorum
2712 3937 2789 3996 et

242 4001 422 4056 effect,
606 4033 615 4042 -
1105 4030 1140 4051 ,·
1543 4031 1554 4042 -
1978 4036 1990 4047 .

155 4070 258 4118 but
285 4081 344 4117 as
373 4065 508 4127 they
562 4032 866 4096 eiusdem
958 4031 1098 4094 eccl
1125 4051 1185 4094 ie
1277 4031 1714 4111 habentibus,
1808 4036 2319 4101 considerantes
2410 4036 2786 4101 eorundem

171 4137 316 4250 haxgle
356 4133 496 4181 been
562 4135 1048 4202 intollerabiles
1080 4134 1347 4220 vigilias
1380 4141 1448 4200 et
1481 4136 1765 4204 sudores
1796 4139 2048 4223 quibus
2080 4140 2332 4205 cotidie
2365 4139 2786 4205 noctuatim-

150 4204 254 4318 btuor
268 4212 517 4316 ιῗιῗιῗιῗε
559 4262 695 4326 que
727 4239 860 4324 hijs
893 4240 1318 4324 temporibus
1347 4241 1674 4324 grauibus
1705 4251 1775 4307 et
1808 4243 2020 4327 varijs
2050 4244 2570 4310 infirmitatibus
2602 4245 2787 4310 inter

131 4331 532 4467 8232thss
561 4344 1013 4429 parochianos
1087 4344 1241 4427 plus
1313 4345 1517 4409 solito
1588 4348 2184 4413 concrescentibus
2257 4355 2783 4433 pregravantur,

167 4471 264 4520 the
282 4467 480 4522 vicars,
560 4453 905 4533 quatenus
960 4469 1120 4512 cum
1180 4448 1326 4512 Deo
1383 4469 1588 4533 super
1644 4452 1775 4516 hoc
1831 4451 2357 4516 misericorditer
2411 4472 2784 4535 possumus

156 4533 504 4596 ⁰0¹¹²³³deri¹¹ss
559 4553 937 4638 dispensari
997 4552 1388 4617 huiusmodi
1448 4560 1741 4633 statuta,
1803 4555 2229 4622 decernimus
2287 4562 2603 4622 nostrum
2662 4577 2787 4642 per

569 4655 718 4705 ’ἦ
758 4677 808 4726 A
833 4655 1057 4742 pean—013
1078 4654 1280 4724 Xu‘ffse
1298 4655 1443 4726 'bens
1472 4678 1826 4743 (classicum).
