3217 5117
1157 484 1344 544 Acrs
1392 495 1483 543 OF
1529 478 1891 544 CHAPTER.
2512 492 2637 556 251

417 659 818 743 Capitulum
873 657 1051 722 infra
1106 657 1328 722 dictos
1377 657 1626 742 viginti
1677 657 1821 722 dies
1876 657 2197 722 Cantarie
2253 654 2646 720 huiusmodi
2708 641 2800 768 1151
2816 657 3018 744 patron

419 763 791 847 Capellano
840 761 1111 847 ydoneo
1159 783 1298 826 non
1347 762 1719 827 contulerit
1770 767 1849 826 vt
1899 761 2165 826 dictum
2215 767 2339 836 est,
2392 766 2649 824 extunc
2726 724 3039 850 Ῑῗὲῖῃξοιῗξζ

421 867 726 932 eiusdem
779 866 1098 931 Cantarie
1149 866 1432 931 collacio
1485 866 1572 931 ad
1624 867 2085 931 venerabilem
2138 871 2405 950 patrem
2456 865 2649 928 d’nm
2674 852 3081 982 sfiffi‘ssffiffio

421 971 816 1056 Archiep’m
862 971 1066 1035 Ebor.
1116 971 1236 1055 qui
1274 991 1399 1056 pro
1439 977 1748 1055 tempore
1798 971 1929 1054 (86)
1980 969 2187 1035 fuerit
2226 969 2383 1034 sede
2423 969 2646 1054 plena,
2694 987 2790 1035 the
2817 985 3060 1062 cnapter

420 1082 492 1140 et
553 1097 634 1140 ea
692 1082 988 1140 vacante
1050 1074 1140 1139 ad
1201 1074 1537 1140 decanum
1601 1082 1672 1140 et
1732 1075 2130 1160 Capitulum
2191 1074 2372 1139 Eccl.
2438 1074 2644 1137 Ebot.
2734 1054 2793 1102 οἱ
2821 1053 3023 1116 R¹P⁰¹1·

423 1186 568 1255 aut,
617 1181 766 1264 ipso
814 1179 1093 1244 Decano
1133 1181 1437 1255 absente,
1475 1179 1563 1244 ad
1596 1179 1863 1244 dictum
1897 1179 2295 1263 Capitulum
2341 1177 2456 1242 illa
2500 1177 2649 1242 vice
2700 1145 3049 1274 ᾟῗὲζζζὲῧ

421 1284 632 1349 libere
693 1283 1126 1359 deuoluatur,
1178 1283 1386 1349 Salua
1436 1284 1645 1348 michi
1696 1291 1765 1348 et
1817 1284 2179 1348 heredibus
2229 1283 2397 1347 meis
2448 1282 2651 1366 plena
2746 1278 2804 1328 01
2835 1278 3004 1327 York.

423 1394 772 1474 potestate
848 1387 938 1452 ad
1011 1387 1272 1452 dictam
1346 1388 1748 1453 Cantariam
1824 1388 1991 1453 alias
2064 1409 2223 1452 cum
2296 1387 2650 1452 vacauerit

423 1494 872 1578 Capellanum
922 1493 1270 1577 ydoneum
1322 1493 1785 1577 presentandi.
1907 1493 2153 1557 Dictus
2202 1511 2365 1557 vero
2415 1491 2649 1577 Capel-
2737 1483 3022 1600 ἓζξῖἰίζῑ

425 1597 627 1662 lanus
651 1602 721 1662 et
744 1617 1163 1662 successores
1188 1595 1293 1661 sui
1318 1597 1737 1682 quicumque
1761 1598 1882 1682 qui
1912 1618 2035 1682 pro
2062 1603 2371 1680 tempore
2396 1596 2651 1661 fuerint
2856 1565 2893 1614 p
3013 1589 3023 1599 ⁰

427 1723 552 1788 pro
592 1702 850 1766 salubri
891 1708 1086 1766 statu
1128 1702 1261 1765 mei
1305 1701 1529 1784 Joh'is
1572 1701 1658 1766 de
1701 1702 2092 1766 Clotherom
2135 1708 2205 1766 et
2246 1700 2469 1765 salute
2512 1700 2655 1765 ani-

427 1827 700 1872 marum
739 1807 1101 1870 Tessancie
1143 1812 1212 1870 et
1253 1806 1465 1870 Alicie
1507 1827 1803 1871 vxorum
1845 1827 2175 1882 mearum,
2220 1805 2363 1870 d’ni
2407 1804 2657 1890 Rogeri

427 1911 782 1996 quondam
834 1910 1052 1994 patris
1101 1910 1256 1984 mei,
1311 1917 1379 1974 et
1430 1911 1588 1975 d'ne
1643 1911 1963 1994 Johanne
2011 1911 2364 1995 quondam
2416 1909 2658 1974 matris

428 2037 599 2091 mee,
653 2022 722 2080 et
773 2015 1081 2079 omnium
1133 2015 1501 2079 liberorum
1551 2022 1622 2080 et
1672 2016 2001 2080 heredum
2039 2035 2369 2089 meorum,
2410 2013 2658 2098 Rogeri

430 2120 518 2184 de
562 2119 956 2184 Clotherom
997 2124 1065 2183 et
1108 2119 1396 2184 aliorum
1441 2120 1734 2185 fratrum
1776 2125 1846 2184 et
1879 2140 2209 2194 sororum,
2245 2125 2316 2183 et
2349 2118 2658 2183 omnium

431 2231 944 2290 antecessorum
1025 2242 1356 2298 meorum,
1434 2245 1512 2288 30
1586 2224 1802 2289 eciam
1883 2245 2007 2308 pro
2088 2245 2183 2288 sa.
2271 2223 2657 2288 animarum

427 2327 719 2393 Galfridi
750 2328 1032 2413 Pygott‚
1064 2327 1266 2411 Joh’e
1294 2334 1363 2391 et
1393 2328 1757 2392 Elizabeth
1787 2348 2080 2392 vxorum
2108 2346 2410 2403 suarum,
2442 2327 2659 2411 patris

425 2433 533 2498 sui
569 2439 640 2496 et
675 2431 918 2496 matris
953 2452 1094 2507 sue,
1137 2432 1452 2506 fratrum,
1491 2453 1824 2508 sororum,
1866 2438 1935 2496 et
1971 2431 2339 2496 liberorum
2376 2451 2659 2495 suorum

427 2537 783 2621 Ranulphi
849 2543 919 2600 et
983 2535 1225 2619 Joh’is,
1284 2541 1353 2600 et
1409 2536 1719 2601 omnium
1782 2543 2291 2601 antecessorum
2353 2556 2656 2609 suorum,

428 2662 696 2706 necnon
745 2661 869 2725 pro
915 2640 1174 2705 salubri
1221 2646 1415 2705 statu
1463 2640 1787 2705 Willelmi
1835 2641 1921 2705 de
1969 2641 2401 2725 Meryngton,
2452 2640 2659 2705 Will’i

428 2746 514 2810 de
573 2745 972 2830 Slengesby,
1034 2743 1236 2828 Joh’e
1293 2745 1527 2809 vxoris
1582 2765 1726 2821 sue,
1787 2745 2009 2828 Joh'is
2068 2745 2328 2829 Bayne,
2389 2751 2459 2809 e't
2516 2745 2659 2809 d’ni

427 2849 711 2914 Will'mi
766 2848 850 2913 de
904 2848 1302 2932 Plumpton,
1358 2848 1730 2933 Capellani,
1787 2856 1857 2914 et
1910 2849 2296 2914 animarum
2350 2849 2658 2914 omnium

429 2953 898 3040 predictorum
937 2974 1095 3017 cum
1134 2954 1224 3016 ab
1263 2954 1391 3017 hac
1430 2953 1578 3018 luce
1618 2954 2086 3038 migrauerint,
2128 2960 2198 3018 et
2237 2973 2361 3037 pro
2399 2953 2659 3018 anima-

438 3060 566 3123 bus
599 3057 907 3122 omnium
954 3063 1342 3141 parentum,
1379 3057 1781 3134 amicorum,
1830 3065 1900 3122 et
1947 3059 2466 3123 benefactorum
2512 3078 2659 3142 pre-

429 3162 802 3237 dictorum,
864 3167 934 3226 et
994 3161 1359 3226 animabus
1418 3163 1729 3226 omnium
1788 3162 2091 3226 fidelium
2151 3162 2657 3237 defunctorum,

433 3267 882 3350 omniumque
946 3265 1206 3330 dictam
1269 3265 1668 3330 Cantariam
1732 3267 2339 3332 manutenencium
2400 3266 2509 3330 vel
2572 3267 2661 3330 ad

435 3371 1039 3455 supportacionem
1081 3369 1387 3434 eiusdem
1426 3370 1534 3434 vel
1575 3371 1794 3435 diuini
1833 3371 2061 3437 cultus
2102 3377 2550 3456 augmentum
2592 3371 2660 3436 in

433 3475 674 3540 eadem
701 3475 786 3538 de
811 3475 1010 3538 bonis
1035 3473 1165 3539 sibi
1191 3495 1232 3538 a
1260 3474 1408 3539 Deo
1435 3475 1701 3539 collatis
1727 3477 2100 3561 quicquam
2126 3476 2657 3540 conferencium1

433 3581 566 3645 sub
601 3581 732 3645 hac
767 3579 989 3644 forma
1026 3579 1540 3663 imperpetuum
1579 3579 2026 3645 celebrabunt
2057 3601 2071 3656 ;

608 3735 979 3814 Videlicet,
1037 3733 1320 3818 singulis
1380 3733 1622 3799 diebus
1667 3734 2025 3800 dominicis
2070 3735 2155 3800 de
2199 3735 2329 3811 die,
2377 3735 2657 3821 singulis
2780 3761 2991 3824 Special

434 3861 600 3904 vero
631 3840 872 3905 diebus
903 3837 1180 3904 sabbati
1213 3838 1297 3902 de
1331 3839 1631 3904 Domina
1651 3851 1677 3881 ²
1710 3847 1917 3924 prout
1950 3841 2297 3925 exigencia
2331 3841 2659 3925 temporis
2686 3827 2999 3918 Memorials
3032 3828 3089 3876 in

437 3943 509 4007 id
559 3944 923 4028 permittit,
975 3941 1257 4026 singulis
1306 3949 1542 4008 autem
1593 3943 1746 4028 alijs
1794 3944 2035 4009 diebus
2084 3944 2174 4009 ad
2222 3945 2659 4010 voluntatem
2774 3909 2999 3944 massae.

437 4049 569 4112 mei
608 4055 678 4112 et
716 4039 1046 4113 h'eredum
1083 4066 1414 4122 meorum,
1455 4053 1524 4112 et
1562 4048 1691 4112 hoc
1730 4049 1984 4113 facient
2020 4070 2456 4134 quacumque
2494 4049 2663 4113 hora

439 4152 572 4217 diei
615 4152 1036 4238 competenti
1079 4171 1220 4235 qua
1264 4171 1347 4214 ex
1393 4158 1592 4236 parte
1636 4173 1789 4216 mea
1832 4153 1941 4216 vel
1983 4153 2312 4218 heredum
2355 4172 2663 4218 meorum

441 4256 696 4321 fuerint
736 4277 1032 4342 congrue
1073 4254 1406 4339 requisiti,
1452 4256 1552 4320 ita
1595 4263 1830 4321 tamen
1871 4258 2059 4342 quod
2100 4257 2383 4342 singulis
2425 4257 2667 4322 diebus

591 4412 604 4434 ¹
643 4407 756 4457 MS.
787 4409 884 4457 has
917 4417 945 4432 ··
965 4410 1398 4460 conferencius.”

579 4503 600 4526 ²
638 4499 710 4548 Οἱ
761 4500 877 4548 Our
927 4501 1106 4564 Lady,
1162 4507 1223 4551 to
1262 4501 1445 4550 whom
1486 4499 1769 4561 Saturday
1808 4513 1920 4547 was
1958 4499 2253 4563 especially
2290 4500 2665 4547 consecrated.

441 4577 550 4628 For
576 4579 674 4628 the
701 4592 906 4629 masses
938 4586 968 4604 “
991 4581 1075 4630 De
1104 4581 1402 4638 Domina,''
1432 4593 1522 4629 see
1551 4577 1706 4628 York
1733 4577 1921 4628 Missal
1952 4578 2220 4640 (Surtees)
2262 4577 2337 4635 11,
2374 4580 2629 4641 160-163.
