3217 5117
206 658 215 665 Ι
268 590 315 637 A
342 589 443 639 full

203 663 503 721 inventory

172 728 234 773 to
256 722 327 773 be
352 724 531 773 made.

218 1527 487 1592 Chaplain

169 1600 231 1643 to
257 1594 387 1643 take
412 1608 537 1643 care

178 1660 235 1709 of
265 1660 436 1723 goods
461 1660 521 1710 of

224 1727 483 1791 chantry,

250 1794 360 1843 and
387 1794 457 1843 be

186 1859 525 1925 responsible

186 1928 271 1977 for
296 1927 521 1992 repaire„

580 433 709 482 200
1146 417 1303 481 THE
1354 416 1664 481 Imaum·
1715 416 2207 481 MANUSCRIPT.

579 594 796 660 eciam
831 601 900 659 et
935 594 1332 660 ordinamus
1365 596 1553 680 quod
1588 616 1792 681 super
1825 595 2034 672 libris,
2071 595 2526 670 vestimentiS,
2563 594 2796 667 calice,

579 706 651 763 et
725 700 877 784 alijs
953 701 1371 765 ornamentis
1444 701 1994 785 quibuscumque
2068 700 2271 765 huius
2345 700 2654 764 cantarie
2729 706 2796 763 et

580 804 933 889 capellano
1009 805 1316 889 predicto
1392 805 1756 890 assignatis
1831 826 1950 889 per
2025 826 2150 870 nos
2225 813 2294 868 et
2369 804 2642 869 collatis
2719 825 2800 868 ac

580 908 1029 992 imposterum
1084 910 1677 994 qualitercumque
1735 909 2160 994 assignandis
2217 914 2288 973 et
2344 908 2797 983 conferendis

579 1013 858 1097 plenum
900 1019 970 1077 et
1012 1013 1207 1077 fidele
1248 1013 1373 1078 fiat
1414 1014 1878 1078 inuentarium
1919 1014 2381 1089 indentatum,
2425 1013 2624 1078 cuius
2664 1033 2800 1077 vna

579 1138 738 1201 pars
772 1138 980 1201 penes
1012 1118 1277 1183 dictum
1314 1118 1711 1202 Capitulum
1749 1118 1998 1202 Ripon'
2038 1124 2108 1183 et
2145 1117 2362 1181 altera
2397 1138 2558 1201 pars
2593 1138 2800 1201 penes

580 1222 965 1306 predictum
994 1221 1185 1287 d'nm
1215 1222 1486 1287 Ric'um
1513 1223 1946 1308 capellanum
1974 1222 2114 1287 suis
2141 1222 2373 1306 sigillis
2400 1221 2800 1307 sigillatum,

582 1347 661 1390 ac
684 1347 889 1410 penes
911 1348 1069 1391 suos
1091 1347 1508 1391 successores
1531 1327 1802 1392 futuros
1824 1328 2006 1391 dicte
2029 1326 2350 1392 Cantarie
2371 1326 2800 1411 CapellanOS,

582 1437 651 1494 et
680 1430 891 1496 tercia
919 1451 1076 1515 pars
1106 1452 1311 1515 penes
1340 1432 1587 1495 fratres
1618 1431 1799 1495 dicte
1829 1432 2282 1497 fraternitatis
2311 1452 2434 1517 pro
2465 1435 2804 1516 perpetuo

579 1536 1054 1611 remanebunt,
1134 1556 1215 1599 ac
1290 1534 1478 1619 quod
1555 1536 1684 1620 ipsi
1760 1535 2093 1620 capellani
2163 1536 2302 1600 suis
2371 1534 2806 1619 temporibus

579 1639 927 1724 perpetuis
1001 1640 1351 1724 mesuagia
1426 1639 1818 1704 huiusmodi
1895 1661 1974 1704 ac
2048 1639 2278 1715 libros,
2355 1639 2802 1713 vestimenta,

579 1743 841 1819 calices,
888 1750 958 1808 et
1002 1751 1409 1809 ornamenta
1452 1744 1783 1828 predicta,
1831 1766 1912 1808 ac
1953 1751 2182 1808 cetera
2225 1744 2359 1808 alia
2403 1744 2494 1807 ad
2537 1744 2804 1807 dictam

578 1848 961 1913 cantariam
1006 1849 1399 1933 spectancia
1442 1849 1638 1913 salua
1683 1849 2210 1913 conseruabunt.
2308 1849 2400 1912 Et
2447 1847 2802 1932 quocicius

579 1951 649 2017 in
700 1954 1010 2017 futurum
1059 1974 1231 2037 opus
1280 1953 1485 2017 fuerit
1536 1954 1958 2038 reparabunt
2005 1959 2074 2017 et
2123 1950 2356 2017 omnia
2403 1951 2798 2015 huiusmodi

578 2059 1092 2141 supportabunt
1168 2062 1237 2121 et
1313 2063 1786 2141 competenter
1859 2057 2211 2122 inuenient
2285 2056 2425 2121 suis
2499 2056 2802 2140 proprijs

576 2161 969 2245 sumptibus
1012 2168 1081 2226 et
1126 2162 1440 2246 expensis
1482 2163 1612 2226 sub
1650 2182 1830 2246 pena
1866 2162 2296 2245 priuacionis,
2340 2160 2524 2226 trina
2563 2167 2797 2224 tamen

578 2265 1079 2330 ammonicione
1137 2266 1443 2351 legitima
1500 2267 1688 2350 prius
1747 2266 1935 2331 facta
1990 2287 2111 2350 per
2166 2265 2550 2350 capitulum
2608 2272 2802 2329 ante-

579 2370 865 2435 dictum.
962 2370 1056 2434 Et
1094 2369 1178 2434 de
1217 2370 1473 2435 eisdem
1512 2369 1935 2436 ornamentis
1971 2378 2040 2435 et
2079 2371 2232 2454 alijs
2268 2370 2458 2435 dicto
2494 2369 2804 2454 capitulo

586 2474 835 2558 Ripon'
873 2495 993 2539 seu
1027 2475 1167 2540 suis
1208 2475 1341 2560 (72)
1382 2475 1800 2559 deputandis
1835 2476 1903 2540 in
1939 2476 2068 2540 hoc
2101 2496 2264 2540 casu
2297 2496 2456 2539 cum
2493 2474 2803 2558 requisiti

588 2578 860 2653 luerint,
936 2599 1056 2643 seu
1130 2579 1431 2663 ipsorum
1506 2579 2016 2663 capellanorum
2079 2579 2323 2663 aliquis
2385 2578 2754 2663 requisitus
2779 2594 2800 2624 ¹

586 2682 811 2757 fuerit,
872 2682 1139 2747 fidelem
1197 2683 1485 2747 reddent
1542 2684 1905 2748 racionem.
2001 2684 2095 2747 Et
2151 2684 2426 2767 insuper
2479 2682 2803 2747 volumus

585 2792 654 2850 et
719 2786 1114 2852 ordinamus
1180 2808 1260 2851 ac
1323 2808 1637 2872 expresse
1702 2788 2079 2872 proibimus
2143 2789 2272 2851 sub
2336 2786 2529 2871 penis
2595 2786 2800 2851 infra-

518 2890 529 2898 ’
584 2891 875 2975 scriptis,
949 2911 1034 2955 ne
1109 2891 1355 2976 aliquis
1430 2892 1824 2976 capellanus
1901 2891 2084 2956 dicte
2160 2891 2478 2956 Cantarie
2549 2891 2802 2956 futuris

258 3528 373 3577 Not
398 3532 461 3575 to

221 3594 417 3659 pledge
444 3609 505 3643 or

244 3660 482 3709 alienate

215 3726 505 3791 anything.

586 2996 1010 3079 temporibus
1065 2996 1151 3059 de
1208 2996 1551 3081 aliquibus
1611 2997 1827 3072 terriS,
1890 2996 2320 3071 tenementis,
2379 2996 2619 3080 pratiS,
2677 3002 2802 3060 aut

584 3099 827 3175 bosciS,
892 3100 1229 3184 rebusque
1291 3099 1444 3183 alijs
1504 3120 1624 3165 seu
1687 3100 1886 3164 bonis
1948 3101 2037 3165 ad
2099 3100 2356 3165 dictam
2419 3099 2802 3165 cantariam

585 3204 1175 3289 qualitercumque
1214 3204 1712 3288 spectantibuS,
1758 3204 1826 3269 in
1865 3204 2314 3289 preiudicium
2355 3210 2586 3268 nostre
2627 3203 2802 3267 ordi-

585 3308 889 3373 nacionis
950 3308 1341 3373 huiusmodi
1404 3309 1840 3373 excambium
1904 3309 2163 3394 aliquid
2223 3308 2472 3393 quouis
2532 3308 2804 3393 quesite

585 3412 805 3477 colore
883 3434 1001 3477 seu
1079 3412 1470 3477 huiusmodi
1550 3434 1655 3477 res
1733 3420 1856 3479 aut
1935 3414 2118 3477 bona
2194 3412 2608 3497 impignoret
2683 3433 2804 3477 seu

586 3516 911 3581 alienaret
934 3528 961 3557 2
1010 3516 1502 3602 quoquomodo
1554 3524 1678 3581 aut
1731 3524 1946 3581 terras
1993 3524 2062 3581 et
2110 3523 2527 3593 tenementa‚
2577 3523 2801 3601 prata,

586 3622 827 3685 boscos
888 3620 1279 3685 huiusmodi
1342 3621 1431 3685 ad
1491 3621 1765 3686 firmam
1828 3622 2013 3685 vltra
2067 3621 2438 3686 triennium
2493 3620 2802 3685 dimittet

585 3724 1043 3809 quouismodo
1100 3726 1360 3809 absque
1417 3746 1626 3790 causa
1684 3726 1983 3789 maxime
2043 3726 2418 3790 necessaria
2478 3746 2558 3790 ac
2615 3732 2803 3790 certa

586 3829 877 3893 sciencia
948 3850 1281 3894 consensu
1354 3836 1423 3894 et
1496 3830 1778 3894 licencia
1849 3830 2188 3914 spirituali
2260 3829 2427 3894 dicti
2501 3828 2801 3914 Capituli

589 3933 837 4017 Ripon'
888 3939 959 3996 et
1004 3939 1395 3998 nostrorum
1444 3935 1738 3999 fratrum
1785 3933 2240 3998 fraternitatis
2286 3932 2636 3997 antedicte
2681 3954 2801 3997 seu

586 4036 861 4101 maioris
911 4037 1126 4120 partis
1176 4037 1546 4103 eorundem
1596 4058 1716 4102 seu
1767 4038 2260 4122 deputatorum
2311 4058 2612 4103 suorum.
2709 4038 2800 4101 Et

584 4143 639 4206 si
654 4141 795 4205 ·hoc
825 4141 1077 4216 fecerit,
1107 4141 1294 4225 quod
1323 4142 1524 4218 absit,
1555 4148 1625 4206 et
1652 4142 2012 4207 conuictus
2043 4142 2247 4206 fuerit
2273 4162 2394 4226 per
2416 4141 2798 4226 capitulum

582 4245 968 4331 predictum
1010 4246 1079 4310 in
1122 4266 1201 4309 ea
1234 4251 1450 4329 parte,
1488 4246 1629 4330 ipse
1661 4246 2101 4330 capellanus-3
2140 4246 2341 4311 huius
2379 4245 2685 4310 cantarie
2715 4244 2799 4309 de

726 4430 739 4453 ¹
780 4424 893 4472 MS.
922 4424 1023 4472 has
1054 4428 1083 4444 ·“
1103 4422 1425 4486 requisita..'’
1572 4428 1593 4450 ²
1631 4424 1742 4472 MS.
1773 4424 1873 4473 has
1903 4429 2012 4473 “se
2038 4421 2362 4472 alionaret.’'
2499 4427 2520 4459 3
2557 4421 2668 4470 MS.
2700 4422 2796 4471 has

586 4512 617 4531 '⁶
633 4504 819 4570 scipso
845 4501 1199 4569 Capellan0.''
