3217 5117
566 515 691 582 262
1132 507 1291 580 THE
1340 514 1654 579 INGILBY
1702 514 2196 580 Mmuscmm.

564 694 681 758 illa
716 695 865 760 vice
902 701 971 759 et
1010 694 1126 759 illa
1157 693 1549 768 vacacione,
1584 694 1774 779 pred.
1811 693 2088 758 Cantar.
2125 693 2241 757 Ca.
2279 692 2550 776 ydoneo
2581 689 2791 755 libere

564 799 895 875 conferat,
944 798 1365 882 vlteriusque
1409 797 1589 863 circa
1635 797 2149 863 institucionem
2195 803 2263 861 et
2309 795 2786 861 induccionem

568 902 872 969 eiusdem
917 901 1266 987 Capellani
1310 901 1382 966 in
1427 900 1670 966 eadem
1715 902 2054 967 Canonice
2099 901 2312 966 faciat
2357 907 2428 964 et
2473 905 2788 964 exerceat

136 1011 333 1074 saving
367 1011 541 1074 rights
568 1007 757 1094 quod
818 1007 1077 1072 iustum
1140 1006 1344 1072 fuerit
1408 1007 1479 1072 in
1540 1007 1670 1071 hac
1730 1007 1949 1091 parte,
2013 1005 2206 1070 saluo
2267 1025 2535 1089 semper
2591 1003 2793 1068 nobis

196 1091 257 1126 ²⁵
284 1077 479 1126 above.
569 1112 707 1176 her.
764 1118 832 1176 et
880 1110 1127 1196 assign.
1174 1111 1337 1176 n'ris
1383 1110 1747 1195 imperp’m
1795 1132 1876 1176 ac
1923 1131 2208 1196 persone
2256 1109 2444 1194 pred.
2495 1108 2653 1173 eccl.
2704 1107 2790 1172 de

567 1215 777 1282 wath
811 1216 930 1301 qui
962 1236 1088 1300 pro
1120 1221 1428 1299 tempore
1461 1215 1689 1292 fuerit,
1723 1236 1990 1280 necnon
2023 1214 2345 1299 capitulis
2374 1212 2788 1298 supradictis

567 1326 637 1384 et
667 1341 903 1386 eorum
932 1318 1213 1385 cuilibet
1243 1319 1630 1403 imperp'm,
1665 1319 1732 1384 in
1763 1319 2044 1404 singulis
2075 1319 2228 1403 alijs
2257 1319 2440 1384 dicte
2469 1315 2790 1382 Cantarie

566 1423 1073 1500 vacacionibuS,
1110 1423 1253 1488 iure
1287 1424 1435 1488 n’ro
1469 1423 1820 1508 premiSSO,
1856 1422 2113 1488 scilicet
2147 1422 2315 1487 alias
2348 1420 2788 1507 presentandi

567 1528 1014 1614 Capellanum
1088 1527 1437 1612 ydoneum
1514 1528 1603 1592 ad
1679 1528 1968 1593 eandem
2044 1527 2442 1593 Cantariam
2516 1526 2788 1611 prefato

565 1633 929 1700 Ordinatio
973 1633 1091 1717 qui
1138 1653 1263 1717 pro
1308 1638 1469 1697 tem.
1521 1633 1752 1697 fuerit¹
1801 1653 1924 1718 per
1967 1632 2149 1696 vices
2193 1632 2540 1718 predictas
2584 1629 2792 1695 modo

568 1745 637 1802 et
678 1737 899 1803 forma
934 1736 1245 1822 superius
1282 1737 1648 1802 declaratis
1684 1743 1755 1801 et
1792 1736 2225 1822 expressatis

142 1935 331 2012 Pon-rer
346 1909 413 1984 tr?
432 1936 540 1985 dis·
742 1933 1097 1998 volumus
1166 1934 1391 1999 eciam
1454 1932 1523 1989 et
1561 1926 1999 1991 concedimus
2039 1946 2159 2010 per
2194 1931 2562 2010 presente5‚
2603 1925 2794 2010 quod

140 2006 303 2132 εξὲἳζῗ
332 2003 539 2118 ξζζὶξῗξξ
570 2030 625 2094 5ἰ
684 2032 1042 2116 contingat
1103 2030 1290 2115 pred.
1355 2029 1541 2096 redd.
1608 2036 1766 2095 octo
1826 2050 2214 2095 marcarum
2275 2030 2545 2115 prefato
2605 2029 2796 2113 Joh’i

569 2136 654 2199 de
696 2135 995 2200 Threske
1037 2141 1107 2201 et
1147 2156 1327 2201 suco.
1372 2156 1425 2200 5.
1473 2136 1661 2219 pred.
1709 2134 1987 2200 Cantar.
2035 2135 2417 2219 Capellanis
2458 2135 2528 2199 in
2573 2134 2796 2200 forma

568 2239 880 2323 predicta
931 2260 1329 2305 concessum
1386 2261 1427 2303 a
1481 2245 1664 2304 retro
1719 2239 1864 2304 fore
1918 2260 2055 2304 non
2109 2239 2415 2304 solutum
2470 2239 2540 2303 in
2596 2245 2796 2323 parte

565 2344 675 2407 vel
716 2343 785 2407 in
830 2350 982 2409 toto
1021 2351 1180 2429 post
1222 2342 1522 2428 aliquem
1564 2343 1938 2409 terminum
1979 2364 2120 2428 quo
2159 2343 2335 2408 solui
2381 2343 2632 2409 debeat
2673 2364 2799 2428 per

564 2446 959 2531 quindecim
1010 2447 1175 2522 dies,
1225 2446 1413 2532 quod
1463 2453 1632 2512 tunc
1680 2448 1852 2512 bene
1900 2447 2102 2511 liceat
2150 2447 2424 2531 prefato
2471 2447 2660 2530 Joh'i
2707 2446 2795 2512 de

564 2550 864 2616 Threske
912 2558 983 2616 et
1030 2573 1209 2617 succ.
1260 2572 1312 2616 5.
1366 2550 1548 2616 dicte
1604 2551 1800 2616 Cant.
1855 2550 2083 2636 Cap'is
2129 2551 2199 2616 in
2247 2551 2435 2636 pred.
2486 2552 2796 2617 manerio

563 2676 722 2721 cum
755 2656 1002 2740 pertin.
1040 2677 1121 2720 ac
1152 2656 1222 2721 in
1256 2676 1438 2720 omn.
1477 2655 1630 2739 alijs
1664 2656 1881 2730 terris,
1917 2655 2349 2732 tenementiS,
2385 2655 2792 2731 redditibu5‚

565 2765 635 2823 et
702 2759 1009 2844 seruicijs
1075 2759 1490 2844 supradictis
1557 2781 1716 2825 cum
1784 2761 1924 2824 suis
1993 2761 2240 2844 pertin.
2310 2781 2446 2845 que
2515 2760 2796 2825 fuerunt

566 2862 857 2947 predicti
897 2863 1175 2928 Ricardi
1214 2863 1483 2928 Norton
1521 2864 1832 2929 defuncti
1869 2865 1939 2929 in
1976 2865 2164 2948 pred.
2205 2864 2368 2929 villa
2402 2864 2488 2929 de
2525 2864 2797 2930 Norton

567 2967 867 3052 Conyers
930 2969 998 3033 in
1062 2969 1375 3053 qualibet
1438 2968 1736 3052 parcella
1797 2969 2170 3034 eorundem
2234 2969 2658 3054 distringere,
2723 2977 2795 3034 et

567 3072 1035 3137 districciones
1083 3072 1241 3137 inde
1288 3078 1538 3156 captas
1578 3073 1939 3148 abducere,
1991 3073 2248 3157 fugare,
2300 3080 2674 3158 asportare,
2723 3081 2796 3138 et

566 3196 774 3260 penes
803 3198 874 3240 se
904 3176 1219 3252 retinere,
1251 3197 1612 3261 quousque
1643 3177 1728 3241 de
1759 3177 2121 3262 arreragijs
2150 3177 2454 3242 eiusdem
2486 3177 2797 3243 redditus

567 3279 867 3364 plenarie
912 3281 1045 3344 sibi
1091 3280 1298 3345 fuerit
1343 3280 1801 3346 satisfactum.
1901 3281 1981 3346 In
2028 3301 2221 3366 quor.
2271 3302 2454 3346 omn.
2505 3289 2575 3346 et
2617 3283 2789 3368 sing.

566 3385 1054 3468 premissorum
1106 3385 1314 3449 fidem
1367 3391 1436 3448 et
1490 3385 1967 3450 testimonium
2019 3385 2300 3450 cuilibet
2353 3387 2536 3470 parti
2589 3386 2794 3452 huius

566 3489 802 3573 scripti
870 3489 1000 3553 n'ri
1069 3488 1413 3554 indentati
1481 3489 1981 3573 quatripartiti,
2055 3497 2200 3554 tam
2268 3490 2485 3575 sigilla
2555 3498 2792 3557 nostra

565 3613 691 3678 pro
742 3593 963 3668 nobiS,
1023 3593 1275 3668 hered.,
1332 3599 1401 3656 et
1458 3593 1704 3678 assign.
1765 3594 1928 3659 n'ris
1981 3615 2194 3678 quam
2247 3594 2543 3679 sigillum
2596 3597 2786 3680 pred.

567 3696 788 3780 Joh’is
843 3698 927 3761 de
982 3697 1281 3762 Threske
1338 3717 1461 3781 pro
1516 3718 1586 3760 se
1642 3702 1712 3762 et
1766 3693 2052 3762 success,
2112 3719 2163 3762 5.
2223 3698 2411 3783 pred.
2470 3698 2792 3764 Cantarie

564 3801 949 3886 Capellanis
988 3810 1151 3866 sunt
1195 3822 1517 3886 appensa.
1622 3801 1830 3866 Cuius
1877 3803 2001 3885 (89)
2049 3803 2331 3887 quidem
2371 3804 2606 3888 scripti
2649 3825 2790 3870 vna

566 3927 724 3991 pars
755 3926 961 3989 penes
992 3906 1179 3990 pred.
1216 3905 1373 3989 Joh.
1409 3906 1493 3970 de
1524 3907 1825 3970 Threske
1856 3913 1926 3970 et
1956 3927 2134 3971 succ.
2169 3927 2221 3971 5.
2257 3906 2439 3972 dicte
2469 3907 2792 3974 Cantarie

566 4009 989 4093 CapellanOS,
1045 4009 1262 4074 altera
1311 4029 1471 4095 pars
1523 4030 1730 4095 penes
1783 4031 1906 4075 nos
1959 4011 2098 4075 her.
2155 4017 2224 4075 et
2278 4012 2522 4097 assign.
2579 4013 2788 4090 n’rOS,

566 4113 779 4178 tercia
824 4134 981 4198 pars
1033 4115 1323 4198 (penes)2
1368 4135 1732 4198 personam
1771 4115 2076 4198 predicte
2122 4116 2280 4180 eccl.
2331 4114 2416 4180 de
2461 4115 2671 4181 Wath
2719 4126 2790 4182 et

563 4239 742 4282 succ.
794 4239 871 4293 5.,
922 4224 992 4281 et
1039 4224 1292 4302 quarta
1340 4239 1497 4302 pars
1545 4239 1754 4303 penes
1800 4218 1914 4284 Ca.
1968 4219 2125 4284 eccl.
2179 4219 2342 4285 Coll.
2395 4221 2791 4304 supradicte

564 4322 1073 4406 imperpetuum
1160 4324 1636 4388 remanebunt.
1735 4324 1822 4388 H.
1914 4330 1962 4387 t.
2053 4323 2353 4389 Will'mo
2438 4326 2788 4411 Tempest,

563 4426 830 4491 Thoma
870 4425 1434 4511 Markyngfeilde,
1480 4426 1701 4513 Rog'o
1742 4427 2012 4502 Warde,
2057 4428 2412 4506 militibus,
2456 4428 2660 4512 Joh’e
2700 4432 2790 4496 de

708 4605 721 4628 ¹
762 4598 873 4647 MS.
902 4599 1003 4647 has
1034 4605 1063 4621 ‘⁸
1086 4599 1249 4647 fuit.’·
1397 4605 1418 4628 ²
1454 4599 1707 4651 Omitted
1735 4601 1790 4649 in
1819 4601 1930 4652 MS.
