3217 5117
338 3300 474 3342 1210.

252 3359 342 3407 Est
374 3361 423 3408 in
450 3376 596 3408 cera.

639 457 715 497 22
1184 438 1351 500 ΤΗΕ
1407 438 1715 501 ΙΝῦιιΒγ
1768 438 2289 502 MANUscmP'T.

632 630 713 672 ac
774 609 989 673 eciam
1060 609 1123 673 in
1205 611 1535 676 omnibus
1599 612 1799 677 terris
1860 625 1927 676 et
1988 612 2403 676 tenementis
2463 610 2845 675 eorundem

636 707 933 773 Abbatis
1022 722 1089 774 et
1178 710 1587 776 Conuentus
1653 712 1718 775 in
1787 712 1953 775 villa
2030 710 2312 796 Rypon’
2389 709 2851 774 existentibus

633 807 1070 891 distringere,
1161 824 1226 873 et
1306 810 1782 876 districciones
1875 810 2278 875 huiusmodi
2362 809 2706 874 abducere
2783 819 2852 872 et

636 908 946 985 retinere,
986 930 1355 992 quousque
1398 910 1481 977 de
1525 911 1832 994 predicto
1865 933 2077 977 censu
2113 911 2408 975 duorum
2459 907 2846 973 solidorum

632 1022 698 1071 et
759 1028 880 1073 sex
941 1008 1382 1073 denariorum
1446 1010 1728 1075 nomine
1793 1009 1989 1074 firme
2053 1008 2355 1093 predicte
2409 1007 2510 1072 sic
2563 1022 2636 1069 vt
2700 1026 2852 1089 pre-

638 1107 926 1171 mittitur
955 1130 997 1171 a
1047 1122 1223 1173 retro
1271 1110 1630 1185 existente,
1688 1132 1824 1173 vna
1872 1130 2027 1174 cum
2079 1107 2454 1191 arreragiis
2499 1106 2842 1177 eiusdem,

632 1226 713 1270 ac
774 1207 1101 1290 dampnis
1162 1222 1229 1272 et
1289 1210 1618 1292 expensis
1680 1231 1762 1274 ea
1823 1208 2190 1274 occasione
2253 1206 2452 1272 factis
2521 1205 2850 1289 predictis

635 1308 1151 1372 venerabilibus
1215 1310 1381 1373 viris
1430 1358 1445 1373 .
1506 1358 1520 1372 .
1588 1310 1917 1393 Capitulo
1979 1308 2267 1374 ecclesie
2317 1306 2672 1390 prelibate,
2731 1325 2854 1388 per

634 1404 855 1470 dictos
922 1408 1264 1472 Abbatem
1331 1424 1396 1473 et
1458 1423 1882 1474 conuentum
1941 1410 2060 1492 qui
2127 1420 2290 1473 sunt
2345 1419 2412 1470 et
2465 1420 2668 1470 erunt
2725 1425 2850 1487 pro

636 1518 967 1587 tempore,
1010 1507 1317 1589 plenarie
1350 1507 1552 1572 fuerit
1584 1506 2065 1573 satisfactum:
2114 1506 2398 1591 Juribus
2445 1519 2510 1569 et
2557 1526 2852 1569 consue-

635 1603 995 1670 tudinibus
1056 1607 1235 1671 dicte
1296 1608 1585 1673 ecclesie
1645 1608 1926 1693 Rypon'
1989 1629 2071 1672 ac
2129 1606 2543 1691 priuilegiis,
2611 1604 2851 1668 Indul-

635 1703 926 1786 gcnciis,
1000 1720 1067 1769 et
1142 1708 1770 1772 consuetudinibus
1853 1707 2258 1771 Monasterii
2339 1706 2424 1769 de
2503 1703 2849 1768 Fontibus

638 1806 993 1868 memorati
1050 1806 1118 1868 in
1168 1806 1498 1871 omnibus
1544 1807 1704 1871 aliis
1751 1828 2028 1890 semper
2073 1806 2312 1871 saluis.
2419 1805 2494 1867 ln
2544 1823 2845 1887 quorum

633 1904 1105 1967 testimonium
1160 1954 1173 1967 .
1231 1954 1247 1968 .
1308 1906 1455 1971 Nos
1506 1906 1749 1972 Abbas
1795 1923 1862 1971 et
1909 1907 2320 1971 Conuentus
2368 1904 2451 1969 de
2507 1903 2850 1967 Fontibus

636 2003 943 2085 predicti,
1037 2006 1208 2087 parti
1309 2005 1685 2071 Indenture
1781 2028 1994 2089 penes
2084 2006 2342 2071 dictum
2440 2004 2844 2086 Capitulum

634 2104 1013 2167 remanenti
1052 2105 1385 2189 Sigillum
1428 2120 1738 2171 nostrum
1776 2127 2147 2171 commune
2179 2104 2667 2188 apposuimus.

634 2254 727 2303 10.
832 2241 989 2305 1)at.
1034 2242 1099 2305 in
1137 2242 1463 2325 Capitulo
1501 2257 1738 2308 nostro
1781 2244 1866 2308 de
1919 2243 2281 2319 Fontibus,
2321 2242 2432 2305 die
2473 2239 2849 2305 Dominica

634 2363 824 2425 prox.
894 2355 1055 2405 ante
1130 2341 1379 2406 festum
1454 2344 1694 2407 Sancti
1773 2342 2075 2427 Dionisij
2148 2343 2350 2405 Mart.
2423 2361 2614 2404 anno
2683 2338 2845 2402 D'ni

636 2440 884 2505 Mill’io
928 2455 1131 2506 ccc¹¹¹⁰
1176 2443 1722 2527 quadragesimo
1769 2457 1986 2508 sexto.
2095 2442 2183 2505 Et
2232 2463 2382 2515 n05,
2439 2439 2846 2522 Capitulum

628 2540 917 2605 ecclesie
1013 2541 1295 2626 Rypon’
1378 2556 1832 2607 memoratum
1917 2542 2089 2626 parti
2176 2542 2553 2606 Indenture
2635 2560 2850 2622 penes

628 2641 849 2704 dictos
948 2640 1287 2705 Abbatem
1376 2653 1441 2704 et
1532 2655 1956 2706 conuentum
2057 2640 2437 2705 remanenti
2527 2638 2846 2722 sigillum

634 2753 942 2804 nostrum
990 2740 1472 2822 apposuimus.
1578 2741 1738 2803 Dat.
1797 2741 1863 2803 in
1915 2741 2126 2805 domo
2179 2754 2408 2803 nostra
2459 2737 2847 2820 Capitulari

636 2838 917 2924 Rypon'
952 2838 1063 2902 die
1104 2840 1475 2904 Dominica
1511 2861 1707 2923 prox.
1748 2853 1910 2903 ante
1951 2839 2198 2905 festum
2237 2839 2474 2904 Sancti
2517 2836 2846 2922 Dyonisii

634 2938 963 3015 Martiris,
1025 2958 1213 3002 anno
1274 2938 1562 3003 Domini
1631 2938 2004 3003 millesimo
2052 2953 2252 3004 ccc¹¹¹0
2298 2936 2848 3023 quadragesimo

628 3052 845 3102 sexto,

628 3176 769 3256 (18)
820 3175 1011 3237 ΑιιΑ
1051 3190 1495 3237 COMPOSICIO
1538 3192 1634 3237 1)ss
1669 3176 2235 3237 SLENYNGFORD
2271 3190 2357 3235 ΕΤ
2391 3172 2840 3237 GALHACHE.

808 3297 961 3362 Hec
1022 3311 1127 3363 est
1178 3296 1607 3379 composicio
1663 3296 1840 3361 facta
1895 3310 1963 3361 et
2011 3296 2363 3380 perpetuis
2411 3295 2848 3378 temporibus

629 3397 1071 3462 obseruanda
1112 3396 1287 3460 inter
1332 3398 1695 3461 ecclesiam
1734 3398 1988 3461 Sancte
2027 3395 2246 3459 Marie
2279 3395 2364 3459 de
2403 3394 2750 3459 Fontibus
2783 3407 2850 3459 et

627 3496 990 3561 ecclesiam
1072 3495 1309 3559 Sancti
1390 3494 1702 3559 Wilfridi
1782 3496 1866 3560 de
1953 3494 2257 3579 Rypon’,
2340 3494 2585 3569 silicet,
2655 3494 2847 3577 quod

627 3595 920 3660 ecclesia
951 3594 1037 3658 de
1075 3594 1415 3658 Fontibus
1450 3594 1786 3658 immunis
1817 3594 1945 3658 erit
1975 3616 2017 3657 a
2045 3594 2519 3677 praestacione
2544 3593 2850 3657 decima-

632 3716 779 3757 rum
820 3694 1330 3777 imperpetuum
1366 3693 1451 3757 de
1485 3694 1817 3757 omnibus
1861 3695 2059 3757 terris
2105 3715 2282 3776 quas
2330 3692 2461 3776 ipsi
2515 3692 2844 3756 monachi

628 3793 713 3857 de
750 3792 1092 3857 Fontibus
1130 3792 1427 3875 propriis
1464 3792 1821 3857 laboribus
1857 3793 1960 3855 vel
2013 3793 2410 3875 sumptibus
2458 3791 2848 3873 aliquando

628 3892 1057 3955 excoluerint
1106 3891 1171 3954 in
1225 3891 1565 3956 territorio
1611 3891 1698 3955 de
1747 3891 2247 3976 Slenyngford‚
2286 3904 2354 3955 et
2390 3890 2476 3954 de
2509 3890 2846 3955 omnibus

630 3990 825 4055 terris
858 3990 943 4053 ad
980 3991 1352 4075 grangiam
1389 4012 1585 4055 suam
1622 3990 1709 4054 de
1742 3991 2101 4056 Galhache
2133 3990 2636 4073 spectantibus,
2669 4012 2848 4073 quas

630 4092 1024 4155 habuerunt
1058 4089 1123 4152 in
1162 4090 1502 4154 territorio
1545 4090 1632 4154 de
1671 4090 2110 4174 Wynkeslay
2157 4111 2347 4153 anno
2388 4091 2478 4154 ab
2529 4090 2848 4155 incarna-

627 4190 827 4254 cione
883 4188 1043 4251 D'ni
1100 4189 1479 4254 Millesimo
1526 4204 1635 4254 cc0
1679 4188 1847 4271 xij.
1942 4188 2318 4252 Sciendum
2371 4201 2600 4253 autem
2655 4190 2843 4272 quod

631 4287 953 4352 monachi
998 4287 1083 4351 de
1119 4286 1515 4363 Fontibus‚¹
1562 4302 1698 4351 tam
1754 4288 1820 4351 in
1873 4288 2212 4353 territorio
2259 4289 2344 4353 de
2394 4289 2844 4373 Wynkeslay

758 4445 767 4466 ¹
808 4440 970 4487 Some
1018 4437 1149 4485 such
1196 4438 1377 4485 words
1413 4453 1477 4485 as
1518 4442 1551 4462 ‘⁸
1574 4438 1644 4485 de
1681 4438 1929 4485 erunibus
1965 4438 2123 4485 terris
2146 4437 2170 4451 ''
2208 4454 2356 4486 seem
2397 4446 2453 4487 to
2491 4438 2558 4485 be
2598 4438 2842 4501 wanting

624 4520 772 4579 here,
800 4525 857 4566 to
880 4531 1054 4581 agree
1082 4516 1207 4563 with
1238 4518 1273 4541 “
1292 4514 1621 4573 sumendis,‘’
1641 4514 1756 4581 just
1780 4517 1972 4564 below.
