3217 5117
1121 444 1318 508 Acts
1366 462 1458 509 or
1505 444 1889 509 CHAPTER.
2533 458 2613 519 23

401 640 610 701 quam
644 619 808 683 alibi
845 632 1038 683 extra
1070 617 1484 683 territorium
1520 618 1608 682 de
1641 616 2119 702 Slenyngford
2165 617 2231 680 in
2285 615 2612 699 parochia

401 718 686 784 ecclesie
745 718 832 783 de
893 717 1175 802 Rypon'
1243 718 1694 801 imposterum
1760 715 2145 792 sumendis,
2216 714 2486 799 integre
2547 727 2613 777 et

405 818 706 901 plenarie
738 817 917 882 dicte
960 817 1248 882 ecclesie
1289 818 1376 882 de
1425 815 1711 901 Rypon'
1744 815 2052 879 decimas
2100 813 2285 878 bladi
2336 814 2613 877 soluent

403 918 910 1002 imperpetuum
963 966 978 981 .
1035 966 1050 981 .

576 1084 735 1160 ξδ’
788 1080 894 1158 Et,
969 1102 1050 1145 ne
1120 1080 1356 1162 aliqua
1425 1078 1789 1143 contencio
1854 1078 1959 1142 vel
2028 1075 2371 1140 discordia
2438 1074 2613 1139 inter

403 1179 742 1262 predictas
775 1179 1103 1243 ecclesias
1136 1199 1348 1261 super
1376 1177 1685 1242 decimas
1718 1176 1802 1239 de
1838 1173 2317 1263 Slenyngford
2369 1174 2475 1238 vel
2525 1173 2613 1238 de

401 1278 762 1342 Galhache
837 1278 922 1343 de
998 1292 1226 1343 cetero
1302 1275 1538 1341 haberi
1605 1275 1847 1358 possit,
1915 1274 2075 1338 dicti
2144 1272 2464 1338 monachi
2529 1272 2613 1337 de

403 1377 744 1441 Fontibus
804 1378 1085 1442 soluent
1144 1376 1506 1440 annuatim
1568 1395 1693 1457 pro
1756 1376 1943 1439 bono
2010 1374 2198 1457 pacis
2266 1373 2612 1457 Magistro

402 1475 718 1541 Galfrido
763 1476 849 1541 de
897 1476 1098 1540 Lard’
1139 1476 1448 1541 eiusdem
1492 1475 1779 1540 ecclesie
1813 1474 2193 1550 Canonico,
2232 1486 2299 1537 et
2344 1494 2615 1538 succes-

399 1576 677 1641 soribus
744 1576 892 1641 suis
972 1576 1506 1659 imperpetuum,
1574 1576 1888 1658 quinque
1970 1594 2235 1637 marcas
2309 1573 2606 1657 argenti,

403 1675 837 1740 medietatem
894 1677 979 1739 ad
1043 1675 1290 1741 Pasch'
1341 1689 1406 1740 et
1455 1675 1889 1740 medietatem
1936 1674 2022 1738 ad
2074 1672 2321 1737 festum
2372 1672 2611 1738 Sancti

407 1776 793 1841 Michaelis.
957 1776 1054 1840 Ut
1135 1790 1364 1841 autem
1455 1776 1580 1840 hec
1656 1775 2083 1858 composicio
2163 1786 2307 1837 rata
2383 1773 2473 1837 sit
2548 1786 2615 1837 et

403 1876 822 1940 inconcussa
945 1890 1368 1958 permaneat,
1482 1876 1843 1959 Vtriusque
1965 1874 2265 1958 Capituli
2375 1873 2615 1957 sigillo

403 1977 784 2040 roboratur.
943 1975 1104 2040 Hiis
1195 1976 1508 2051 testibus,
1615 1974 1705 2037 H.
1804 1973 2273 2039 Thesaurario
2370 1972 2609 2051 Ebor.,

403 2075 743 2159 magistro
781 2074 858 2137 P.
899 2074 986 2139 de
1031 2074 1444 2149 Shirburne,
1485 2075 1657 2139 m’ro
1710 2076 1797 2137 R.
1839 2074 1921 2139 de
1976 2074 2236 2151 Insula,
2281 2072 2451 2138 m’ro
2486 2072 2607 2137 W.

399 2175 488 2238 de
540 2173 944 2250 Wisebecb,
1002 2174 1172 2239 m'ro
1233 2174 1290 2259 J.
1354 2174 1703 2252 Romano,
1759 2174 2136 2239 Canonicis
2188 2173 2427 2250 Ebor.,
2487 2174 2619 2237 ΜΓΟ

411 2272 699 2359 Rogero
774 2274 861 2338 de
942 2274 1286 2351 Richem’,
1358 2274 1530 2338 m'ro
1609 2274 2013 2351 AurelianO,
2085 2272 2463 2338 Canonicis
2530 2272 2617 2339 de

409 2373 720 2459 Rypon’,
759 2387 826 2438 et
855 2374 1034 2439 aliis.

470 2564 612 2644 (19)
660 2562 1190 2627 ConRMAcm
1245 2580 1570 2627 ExusDuM
1626 2581 1763 2626 PER
1815 2563 2257 2627 CAPrruLUM
2312 2562 2544 2626 Esou.

581 2712 952 2778 Vniuersis
1042 2714 1298 2778 Sancte
1387 2714 1633 2778 Matris
1716 2717 2004 2781 ecclesie
2090 2716 2253 2780 filiis
2334 2738 2617 2800 presens

405 2814 740 2896 scripturn
835 2813 1111 2889 visuris,
1197 2814 1304 2877 vel
1382 2814 1598 2878 eciam
1694 2814 2055 2879 audituriS.
2210 2814 2619 2880 Willelmus

405 2912 734 2987 decanus,
795 2926 860 2977 et
915 2912 1317 2996 Capitulum
1385 2914 1562 2978 beati
1634 2914 1817 2978 Petri
1886 2916 2124 2993 Ebor.,
2186 2917 2481 2981 salutem
2550 2916 2615 2979 in

413 3013 725 3077 Domino
817 3013 1337 3096 sempiternam.
1499 3013 1791 3078 Nouerit
1870 3014 2286 3079 vniuersitas
2364 3030 2614 3092 vestra,

406 3112 595 3195 quod
659 3133 815 3176 cum
881 3114 1213 3179 dominus
1269 3114 1584 3178 Thomas
1647 3112 1833 3176 filius
1896 3114 2154 3191 Briani,
2219 3114 2621 3180 Canonicus

406 3212 696 3278 ecclesie
737 3212 1042 3297 Rypon',
1087 3214 1456 3298 religiosos
1485 3214 1672 3278 viros
1701 3214 2043 3277 Abbatem
2080 3226 2148 3278 et
2173 3214 2616 3279 Conuentum

405 3312 490 3377 de
559 3312 902 3377 Fontibus
965 3334 1177 3397 super
1230 3312 1651 3397 quibusdam
1716 3312 2006 3376 decimis
2068 3326 2134 3376 et
2198 3314 2403 3378 rebus
2463 3314 2621 3377 aliis

409 3411 986 3495 prouenientibus
1039 3413 1124 3477 de
1182 3411 1606 3499 Slenygford
1663 3424 1731 3475 et
1783 3411 1869 3475 de
1925 3411 2389 3498 Wynkeslay,
2452 3414 2622 3478 locis

408 3510 811 3576 monasterii
903 3512 1255 3589 antedicti,
1338 3524 1404 3576 et
1486 3532 1699 3595 super
1772 3511 2079 3576 decimas
2156 3512 2617 3577 seruiencium

405 3612 750 3677 dictorum
832 3611 1127 3677 Abbatis
1189 3626 1256 3676 et
1317 3612 1726 3677 Conuentus
1788 3612 2379 3677 commorancium
2448 3611 2623 3676 infra

409 3712 668 3777 limites
732 3712 1080 3794 prebende
1141 3734 1266 3777 sue
1325 3712 1624 3795 predicte
1678 3710 2045 3775 occasione
2098 3711 2407 3776 eiusdem
2475 3732 2625 3794 pre-

409 3812 634 3876 bende
686 3812 1007 3876 traxisset
1063 3812 1128 3873 in
1188 3832 1520 3887 causam;
1585 3811 1901 3874 Tandem
1960 3832 2171 3875 causa
2222 3812 2619 3876 huiusmodi

407 3911 930 3995 composicione
984 3911 1332 3975 amicabili
1411 3910 1837 3995 conquieuit,
1912 3924 2113 3993 prout
2177 3912 2241 3974 in
2316 3912 2619 3995 quodam

411 4012 876 4075 instrumento
965 4009 1504 4087 confirmatoriO,
1589 4011 1829 4094 sigillo
1908 4012 2325 4077 venerabilis
2412 4013 2625 4095 patris

411 4110 770 4175 Godefridi
875 4110 1404 4193 Archiepiscopi
1519 4112 1733 4175 nostri
1832 4112 2105 4194 plenius
2204 4112 2616 4177 continetur.

411 4212 644 4297 Quam
739 4210 1046 4293 quietam
1124 4211 1743 4295 composicionem,
1832 4212 1895 4273 in
1977 4226 2315 4294 quantum
2397 4212 2624 4297 tangit

414 4311 833 4394 prebendam
903 4311 1184 4394 predicti
1250 4312 1389 4376 d’ni
1455 4311 1731 4377 Thome
1810 4313 1875 4374 in
1944 4313 2106 4376 eccl.
2185 4312 2490 4397 Rypon',
2558 4325 2625 4376 et

412 4412 629 4476 eciam
696 4411 1058 4475 ecclesiam
1133 4411 1434 4496 Rypon’,
1491 4412 1576 4476 ad
1639 4412 2046 4477 instanciam
2103 4412 2407 4494 parcium
2462 4432 2626 4476 con-

415 4510 798 4576 firmamus.
927 4512 1004 4575 ln
1057 4511 1258 4577 cuius
1308 4512 1398 4577 rei
1449 4512 1925 4578 testimonium
1974 4512 2288 4597 sigillum
2337 4511 2622 4595 capituli

2714 1997 2911 2047 Hanno.

2725 2276 2863 2324 Will.
2892 2276 2963 2324 de

2692 2340 2999 2391 Aureliano.

2655 2738 2792 2795 1263,
2811 2732 2949 2781 Nov.
2971 2747 2985 2780 ι
2997 2748 3043 2795 3.

2684 2798 2781 2846 Est
2807 2798 2855 2847 in
2883 2814 3028 2848 cera.

2728 2876 2868 2925 Will.
2897 2876 2967 2924 de

2726 2942 2980 2991 Testard.
