3217 5117
1152 466 1340 533 Acrs
1388 486 1478 532 OF
1525 467 1883 533 CHAPTER.
2504 482 2623 548 151

410 645 745 711 mandata
808 647 948 711 fore
1010 647 1370 721 delusoria,
1433 646 1552 711 sed
1616 667 1739 731 pro
1800 647 2062 711 viribus
2122 646 2475 731 cupientes
2540 646 2629 711 ad

411 749 738 814 honorem
783 750 910 815 Dei
951 756 1020 815 et
1064 751 1338 815 ecclesie
1381 757 1449 816 et
1493 750 1581 815 ad
1624 751 2036 815 vicariorum
2078 751 2515 815 honestatem
2558 756 2627 814 et

405 854 512 917 sui
562 854 814 940 gradus
865 855 1256 920 decenciam
1309 876 1390 920 ea
1441 855 1728 920 firmiter
1779 855 2148 930 obseruari,
2205 856 2628 919 auctoritate

407 956 706 1042 Capituli
785 959 1182 1024 ordinamus
1263 966 1333 1023 et
1413 959 1810 1024 diffiniendo
1877 960 2270 1034 statuimus,
2331 958 2518 1043 quod
2587 980 2629 1023 a

405 1062 686 1147 singulis
747 1064 1022 1148 vicarijs
1083 1064 1333 1128 nostris
1394 1064 1893 1128 monicionibus
1955 1070 2024 1127 et
2088 1063 2627 1128 iniunccionibus

406 1168 823 1251 supradictis
856 1189 993 1233 non
1030 1168 1432 1252 parentibus
1465 1189 1624 1232 cum
1660 1168 1931 1243 effectu,
1970 1168 2055 1232 de
2090 1168 2228 1232 suis
2262 1166 2626 1251 stipendijs

407 1291 541 1355 que
575 1271 660 1336 de
693 1293 990 1337 comuna
1024 1272 1322 1357 Capituli
1359 1272 1694 1356 recipiunt
1731 1293 1855 1356 pro
1888 1273 2198 1356 qualibet
2232 1271 2625 1355 septimana

405 1395 526 1439 sue
566 1376 899 1452 absencie,
950 1397 1112 1459 ymo
1150 1377 1377 1441 verius
1415 1396 1533 1441 sue
1573 1376 2004 1441 contumacie
2046 1382 2116 1439 et
2160 1374 2624 1440 inobediencie
2668 1382 2823 1445 They
2850 1395 2943 1430 are
2972 1386 3032 1429 t0

409 1479 575 1562 xijd.
626 1500 746 1563 per
787 1500 1034 1545 manus
1079 1479 1444 1564 Camerarij
1497 1480 1797 1564 Capituli
1842 1480 2362 1556 subtrahantur,
2410 1500 2622 1564 quam
2648 1451 2733 1564 {³02
2746 1448 3054 1563 {231¹ssss

407 1602 658 1667 penam
710 1583 797 1648 ad
849 1605 1050 1649 vsum
1100 1591 1171 1649 et
1222 1584 1600 1649 vtilitatem
1651 1584 2061 1649 vicariorum
2114 1584 2623 1648 comorancium
2685 1582 2743 1631 Οἱ
2770 1583 3020 1637 absence,

408 1686 478 1751 in
512 1687 860 1752 communi
893 1694 972 1753 vt
1006 1689 1316 1773 superius
1349 1693 1452 1752 est
1487 1688 1884 1753 ordinatum
1918 1688 2238 1753 volumus
2271 1687 2622 1772 applicari.

409 1791 478 1855 Si
533 1812 694 1856 vero
747 1812 983 1857 omnes
1035 1797 1104 1856 et
1157 1792 1404 1878 singuli
1457 1792 1693 1876 vicarij
1754 1792 2079 1857 indurato
2130 1793 2382 1867 anim0,
2438 1792 2628 1876 quod

408 1896 612 1971 absit,
686 1897 938 1961 nostris
1007 1897 1420 1962 iussionibus
1483 1903 1553 1960 et
1626 1896 1975 1961 mandatis
2046 1894 2132 1960 de
2202 1895 2622 1961 comorando

408 2000 612 2065 simul
648 2007 726 2065 ut
761 2001 1100 2085 prefertur
1132 2022 1270 2066 non
1307 2002 1660 2085 paruerint
1699 2022 1857 2065 cum
1892 2002 2163 2075 effectu,
2202 1999 2523 2064 volumus
2558 2006 2629 2064 et

409 2105 806 2170 ordinamus
863 2105 1050 2189 quod
1109 2106 1198 2170 ab
1257 2125 1676 2190 vnoquoque
1734 2106 2107 2170 eorundem
2166 2126 2291 2189 pro
2347 2104 2633 2190 singulis

409 2208 814 2292 septimanis
859 2210 928 2273 in
974 2210 1226 2294 quibus
1273 2209 1342 2273 in
1389 2208 1528 2273 suis
1576 2209 2013 2273 contumacia
2060 2214 2129 2271 et
2177 2208 2633 2292 proteruitate

411 2319 873 2395 perseuerant‚
914 2318 983 2376 et
1021 2333 1380 2397 quovsque
1420 2312 1745 2377 duxerint
1784 2312 2147 2377 convenire
2186 2318 2256 2376 et
2295 2312 2631 2376 comorari

411 2436 533 2499 per
587 2436 835 2480 manus
891 2416 1254 2500 Camerarij
1319 2416 1526 2481 modo
1583 2422 1652 2480 et
1712 2416 1933 2480 forma
1986 2416 2408 2500 supradictis,
2458 2415 2626 2499 xijd.

411 2520 932 2595 subtrahantur,
996 2541 1130 2605 que
1191 2541 1369 2605 pena
1431 2521 1526 2584 sic
1587 2522 1872 2585 Comisse
1933 2536 2043 2566 -1
2112 2520 2364 2584 fabrice
2435 2519 2631 2584 istius

411 2623 686 2689 ecclesie
733 2631 1198 2689 conuertatur.
1292 2625 1470 2689 Acta
1517 2630 1679 2689 sunt
1727 2625 1851 2688 hec
1896 2646 2079 2689 anno
2126 2644 2355 2689 mense
2403 2630 2473 2687 et
2522 2624 2631 2688 die
2693 2634 2789 2683 the
2812 2634 2947 2683 fines
2970 2639 3032 2684 to

409 2728 845 2812 supradictis,
878 2730 1311 2813 presentibus
1342 2728 1545 2793 dictis
1576 2728 1851 2812 vicarijs
1884 2740 1997 2775 —2
2030 2728 2232 2812 Joh'e
2271 2728 2355 2792 de
2396 2727 2631 2792 Thurn
2681 2704 2876 2817 {affini-f)
2883 2701 3038 2816 13:12.

410 2838 478 2897 et
521 2832 829 2897 Roberto
868 2834 1157 2908 Meroth,
1199 2840 1269 2898 et
1308 2832 1484 2917 alijS.

952 2974 1126 3057 (223)
1187 2974 1270 3057 (A
1319 2974 1586 3039 further
1635 2972 2085 3057 Injunction).

589 3101 669 3166 In
727 3102 854 3165 Dei
909 3104 1205 3179 nomine,
1264 3103 1504 3167 Amen.
1601 3103 1772 3168 Cum
1828 3122 2047 3187 nuper
2103 3102 2300 3166 vobis
2356 3102 2627 3167 vicariis
2742 3114 2930 3189 ἱιιιυδ,

409 3205 614 3269 huius
645 3205 918 3269 ecclesie
958 3205 1323 3291 Collegiate
1364 3207 1549 3270 beati
1589 3206 1883 3271 Wilfridi
1920 3206 2173 3290 Rypon
2206 3206 2525 3271 omnibus
2558 3212 2626 3270 et
2726 3178 2877 3240 sept·
2918 3180 2994 3225 ¹8·

407 3310 691 3394 singulis
763 3330 1058 3394 quorum
1131 3326 1247 3355 —2
1321 3311 1655 3375 habemus
1729 3332 1852 3395 pro
1926 3310 2260 3395 expressis
2335 3312 2483 3376 vice
2558 3317 2627 3375 et

411 3414 828 3479 auctoritate
871 3413 1170 3498 Capituli
1216 3414 1438 3479 fuerat
1483 3415 1808 3480 canonice
1850 3416 2239 3479 iniunctum
2284 3413 2628 3480 monitum

409 3522 480 3581 et
543 3518 956 3582 mandatum
1016 3523 1093 3581 vt
1156 3519 1533 3583 secundum
1594 3519 1739 3583 vim
1801 3526 2109 3583 tenorem
2171 3525 2239 3582 et
2303 3519 2629 3583 effectum

409 3628 838 3686 statutorum
869 3622 1066 3685 istius
1098 3622 1371 3686 ecclesie
1403 3622 1492 3686 ad
1523 3643 1818 3706 quorum
1851 3624 2371 3687 obseruanciam
2403 3642 2528 3687 vos
2559 3630 2626 3687 et

410 3731 720 3790 vestrum
758 3726 1046 3810 quilibet
1087 3726 1156 3790 in
1195 3747 1320 3790 sua
1357 3724 1768 3791 admissione
1806 3726 2081 3790 vinculo
2121 3726 2486 3791 iuramenti
2524 3732 2627 3791 est

409 3829 736 3894 astrictus
799 3850 922 3913 pro
985 3850 1178 3894 mora
1240 3836 1308 3893 et
1371 3830 1889 3895 cohabitacione
1953 3830 2198 3893 vestris
2260 3830 2331 3893 in
2393 3850 2631 3895 mensa

408 3934 759 3998 communi
805 3933 984 3997 infra
1030 3934 1398 3998 bedernam
1445 3939 1749 3998 vestram
1795 3932 2107 3998 ordinare
2153 3940 2221 3997 et
2269 3933 2628 4017 prouidere

409 4037 814 4102 curaueritis
891 4038 1185 4102 termino
1259 4038 1563 4123 legitimo
1640 4045 1710 4102 et
1786 4038 2206 4123 competenti
2282 4038 2480 4101 vobis
2558 4044 2625 4102 et

411 4148 720 4206 vestrum
761 4141 1042 4227 singulis
1084 4142 1344 4225 prefixo
1384 4148 1454 4206 et
1497 4142 1865 4228 assignat0‚
1909 4161 2035 4205 vos
2077 4146 2310 4206 tamen
2353 4142 2627 4225 Joh'em
2654 4179 2827 4227 Three
2862 4181 2920 4228 οἱ
2958 4182 3049 4228 the

413 4247 567 4329 Ely,
628 4246 852 4310 Ric'm
909 4247 1201 4323 Morton,
1259 4252 1327 4310 et
1383 4246 1659 4330 Joh’em
1714 4246 2043 4330 Quinton,
2100 4246 2298 4311 istius
2353 4246 2627 4311 ecclesie
2704 4246 3010 4361 {issssffioffisse

555 4399 570 4422 ¹
613 4359 867 4443 Portio—n—s-
878 4358 1166 4452 *cis—ffb?
1192 4396 1276 4449 62,
1307 4395 1450 4444 have
1483 4396 1621 4444 been
1648 4398 1810 4443 eaten
1844 4410 2019 4459 away.
2100 4396 2197 4444 We
2226 4410 2358 4458 may
2388 4396 2630 4459 perhaps
2999 4352 3010 4369 '

411 4474 616 4538 supply
650 4478 680 4495 ‘¹
703 4474 863 4538 culpe
885 4475 916 4493 ''
950 4475 1092 4522 here.

551 4570 573 4593 ²
611 4565 658 4614 A
683 4566 834 4615 word
861 4580 924 4615 or
952 4570 1065 4615 two
1091 4581 1246 4630 gone.
