3217 5117
1145 466 1331 531 Ac'rs
1377 480 1469 530 oF
1515 463 1873 531 CHAPTER.
2489 480 2612 546 231

576 648 751 710 Cum
809 648 1176 710 reuerende
1234 648 1557 710 memorie
1617 651 2052 729 retropatreS,
2114 648 2616 728 predecessores
2745 660 2948 736 Diyine

400 751 639 825 nostri,
726 750 1233 815 considerantes
1317 750 1631 815 diuinum
1715 750 1978 815 cultum
2063 749 2462 833 precipuum
2545 749 2612 813 in
2641 728 2888 842 *ζῗζζζῃίξ
2911 742 3041 842 ξζὲ

398 854 613 939 gloria
689 854 1147 939 preciosorum
1223 860 1784 919 ornamentorum
1860 854 2470 919 ecclesiasticorum
2544 859 2614 917 et
2641 860 2941 923 splendeat
2984 860 3045 909 of

400 959 972 1024 vestimentorum
1064 958 1454 1023 diuinorum
1545 958 1904 1043 splendore
1995 958 2382 1033 consistere,
2475 957 2616 1021 suis
2676 931 3016 977 ornaments.

402 1063 829 1147 temporibus
900 1063 1541 1128 conuenientissime
1614 1069 2010 1127 statuerunt
2083 1062 2270 1148 quod
2345 1062 2412 1126 in
2487 1062 2616 1125 hac
2665 1110 2817 1159 Each
2843 1124 3023 1159 canon

400 1167 635 1232 eccl’ia
673 1168 1046 1253 Collegiata
1086 1168 1337 1252 Rypon
1374 1168 1665 1252 quilibet
1704 1167 2086 1232 Canonicus
2122 1188 2334 1232 vnam
2371 1186 2617 1250 capam
2643 1178 2689 1227 is
2719 1182 2778 1226 to
2810 1176 3043 1241 provide

402 1273 781 1356 preciosam
832 1273 1085 1338 valoris
1136 1273 1370 1337 decem
1423 1291 1810 1336 marcarum
1862 1272 1929 1335 in
1983 1272 2132 1336 vita
2182 1292 2307 1335 sua
2357 1270 2618 1335 soluere
2729 1244 2974 1375 agzsgly

402 1383 743 1453 teneatur,
784 1398 996 1462 quam
1034 1377 1090 1441 si
1129 1398 1265 1441 non
1304 1377 1530 1441 soluat
1570 1377 1640 1441 in
1678 1376 1828 1441 vita
1864 1377 2090 1440 soluat
2130 1382 2286 1460 post
2325 1381 2619 1440 mortem

401 1481 639 1546 decem
723 1481 953 1557 libraS,
1039 1482 1402 1566 contigerit
1487 1480 1676 1565 quod
1761 1479 2110 1565 sepissime
2195 1480 2622 1564 temporibus

402 1586 762 1650 retroactis
817 1585 1005 1670 quod
1062 1606 1200 1650 non
1257 1585 1425 1650 nulli
1482 1585 1930 1650 canonicatus
1986 1591 2055 1649 et
2113 1585 2496 1669 prebendas
2552 1583 2621 1648 in

402 1689 592 1755 dicta
640 1690 872 1755 eccl’ia
918 1690 1293 1775 Collegiata
1339 1690 1732 1754 obtinentes
1780 1690 1849 1753 in
1897 1709 2132 1754 eorum
2182 1689 2332 1754 uita
2377 1708 2624 1773 capam

402 1794 797 1859 huiusmodi
836 1794 1212 1879 preciosam
1250 1795 1413 1859 dare
1449 1815 1571 1859 seu
1606 1793 1894 1858 liberare
1931 1793 2210 1859 minime
2247 1799 2577 1859 curarunt
2608 1812 2622 1869 ;

402 1905 561 1984 post
632 1920 927 1984 quorum
997 1905 1291 1963 mortem
1360 1918 1596 1963 eorum
1667 1904 2068 1963 executores
2139 1918 2218 1963 ac
2287 1899 2626 1963 bonorum

401 2003 997 2069 administratores
1040 2002 1431 2068 huiusmodi
1474 2022 1648 2067 onus
1689 2008 1759 2066 et
1802 2002 2117 2067 debitum
2157 2003 2256 2066 sic
2297 2002 2626 2066 deceden-

402 2108 587 2173 cium
647 2128 1010 2193 agnoscere
1067 2114 1137 2172 et
1195 2106 1423 2172 subire
1482 2107 1758 2191 penitus
1805 2112 2229 2183 recusarunt,
2281 2106 2350 2171 in
2409 2106 2626 2172 diuini

401 2213 633 2278 cultus
676 2212 1191 2287 detrimentum,
1238 2212 1512 2277 ecclesie
1556 2211 1860 2295 predicte
1902 2231 2110 2296 graue
2154 2211 2624 2295 preiudicium,

402 2318 845 2401 ipsorumque
890 2316 1373 2382 decedencium
1417 2338 1555 2381 non
1600 2317 1750 2380 leue
1793 2316 2170 2399 periculum
2215 2316 2623 2392 animarum,
2654 2322 2923 2395 Seatutum
2955 2322 3053 2381 Pro

402 2442 529 2487 nos
581 2421 791 2507 igitur
840 2421 1224 2505 capitulum
1276 2420 1345 2485 in
1399 2422 1528 2485 hac
1579 2420 2080 2485 conuocacione
2131 2420 2426 2506 generali
2480 2428 2625 2485 tam
2673 2392 3036 2504 tnussffgfadis.

402 2525 895 2610 indempnitati
938 2526 1095 2591 eccl.
1143 2524 1447 2609 predicte
1488 2546 1701 2610 quam
1743 2525 2051 2589 omnium
2094 2531 2163 2589 et
2204 2524 2625 2609 singulorum

402 2631 473 2695 in
500 2631 742 2695 eadem
768 2630 1215 2695 canonicatus
1240 2636 1310 2694 et
1336 2629 1720 2714 prebendas
1745 2629 2214 2694 obtinencium
2240 2629 2627 2695 animarum

402 2735 613 2801 saluti
670 2734 1029 2819 prouidere
1085 2734 1459 2818 cupienteS,
1520 2736 1604 2798 de
1661 2733 1971 2798 vnanimi
2029 2734 2411 2809 voluntate,
2469 2755 2628 2799 con-

404 2860 631 2915 sensu,
672 2846 741 2903 et
780 2860 1062 2903 assensu
1098 2839 1350 2904 nostris
1388 2844 1457 2902 et
1497 2838 1914 2903 auctoritate
1953 2837 2257 2903 eiusdem
2295 2859 2628 2903 conuoca-

404 2943 641 3019 cioniS,
730 2943 1021 3028 prouida
1106 2942 1623 3019 deliberacione,
1713 2942 2037 3026 predictis
2121 2943 2406 3007 statutis
2493 2963 2630 3007 non

405 3048 821 3133 derogandO,
886 3047 1377 3122 subtrahendO,
1442 3067 1563 3111 seu
1627 3067 1708 3111 ea
1770 3047 2128 3123 mutandO,
2195 3047 2312 3111 sed
2377 3046 2632 3111 eisdem

407 3151 748 3228 addendO,
794 3152 1167 3217 statuimus
1211 3157 1281 3215 et
1324 3150 1722 3216 ordinamus
1764 3153 1952 3236 quod
1996 3171 2231 3215 omnes
2273 3156 2342 3214 et
2385 3149 2632 3236 singuli

407 3255 717 3321 canonici
764 3256 884 3341 qui
932 3255 1317 3339 prebendas
1363 3255 1433 3320 in
1482 3254 1672 3319 dicta
1717 3255 1999 3320 ecclesia
2045 3254 2404 3339 collegiata
2449 3275 2634 3319 nunc

407 3360 749 3435 obtinent,
796 3365 865 3423 et
909 3380 1155 3444 capam
1202 3359 1595 3424 huiusmodi
1641 3359 1951 3424 nondum
1995 3358 2354 3434 dederunt,
2401 3364 2470 3422 et
2514 3359 2634 3443 qui

408 3466 477 3529 in
540 3471 895 3549 posterum
958 3464 1399 3539 obtinebunt,
1464 3462 1707 3527 statim
1770 3469 2012 3547 postea
2071 3483 2282 3548 quam
2345 3464 2631 3539 fructuS,

409 3568 740 3644 reddituS,
810 3574 879 3632 et
946 3574 1328 3651 prouentus
1393 3566 1899 3651 prebendarum
1965 3586 2246 3632 suarum
2313 3587 2432 3651 per
2499 3573 2636 3631 tres

410 3694 627 3739 annos
662 3672 943 3757 pacifice
980 3672 1429 3756 perceperint,
1466 3692 1587 3735 seu
1624 3692 1744 3755 per
1778 3692 1892 3736 eos
1927 3671 2199 3735 steterit
2234 3692 2374 3757 quo
2409 3672 2636 3736 minus

411 3777 815 3863 percipiant,
862 3798 1110 3861 capam
1154 3776 1404 3840 ualoris
1447 3776 1684 3841 decem
1727 3795 2116 3840 marcarum
2161 3776 2358 3841 iuxta
2401 3796 2635 3841 ueram

409 3889 480 3947 et
524 3901 961 3947 communem
1006 3880 1520 3946 estimacionem
1564 3881 1634 3945 in
1679 3901 1880 3945 vsum
1924 3880 2107 3944 dicte
2153 3880 2429 3945 ecclesie
2473 3880 2636 3963 dare

411 3993 483 4052 et
534 3986 962 4051 thesaurario
1014 4006 1135 4050 seu
1185 3985 1746 4050 subthesaurario
1796 3984 2100 4049 eiusdem
2152 3983 2427 4049 ecclesie
2479 4004 2636 4049 cum

412 4092 663 4155 effectu
725 4090 996 4154 tradere
1058 4095 1128 4153 et
1188 4090 1473 4154 liberare
1534 4094 1920 4153 teneantur.
2016 4088 2341 4173 Alioquin
2401 4089 2456 4152 si
2517 4108 2638 4172 per
2713 4092 3019 4141 Otherwise

414 4196 638 4261 dictos
684 4200 823 4258 tres
867 4215 1083 4259 annos
1128 4193 1499 4258 inmediate
1544 4199 1907 4277 sequentes
1954 4192 2346 4257 huiusmodi
2391 4213 2638 4276 capam
2683 4160 3047 4289 ῒὲιίξῗὲῗξῗζ

414 4300 580 4365 dicti
629 4298 881 4364 ualoris
929 4300 1034 4363 sic
1082 4301 1243 4363 dare
1292 4304 1360 4362 et
1410 4298 1862 4362 effectualiter
1909 4296 2194 4361 liberare
2242 4318 2322 4361 ac
2370 4296 2638 4361 tradere
2668 4307 2734 4408 ἐξ
2760 4292 3066 4406 markshfor

417 4404 833 4479 distulerint,
895 4424 1014 4469 seu
1076 4422 1311 4467 eorum
1372 4402 1619 4487 aliquis
1679 4401 2044 4477 distulerit,
2108 4408 2363 4465 extunc
2423 4420 2636 4476 mora,
2733 4373 3066 4475 effigit-,ease

418 4510 643 4595 culpa,
673 4514 745 4574 et
772 4508 1190 4595 negligencia
1216 4506 1581 4573 cuiuslibet
1608 4506 1705 4571 sic
1731 4527 1870 4571 non
1898 4506 2131 4571 dantis
2157 4526 2276 4571 seu
2304 4504 2642 4570 tradentis
