3217 5117
181 1697 500 1758 warranty.

285 2206 401 2254 The

160 2276 391 2348 patrous
417 2273 524 2350 §Vin

199 2344 471 2388 maintam

575 477 701 544 252
1151 463 1308 530 THE
1358 463 1673 544 INGILBY
1720 465 2212 532 Manuscnm.

573 642 826 726 quibus
880 642 964 707 de
1021 643 1197 707 festo
1250 644 1769 721 celebrauerint,
1826 645 2228 711 memoriam
2281 653 2353 711 et
2406 648 2797 712 oracionem

573 747 938 832 specialem
965 747 1035 811 in
1064 747 1286 812 missis
1312 749 1454 813 suis
1482 769 1605 834 pro
1633 750 1857 815 salute
1884 756 1954 815 et
1981 755 2175 815 statu
2201 750 2457 816 salubri
2485 751 2797 817 omnium

577 850 1041 934 predictorum
1094 851 1260 917 dum
1299 851 1599 918 vixerint
1639 859 1709 918 et
1756 853 2118 919 animabus
2156 855 2529 920 eorundem
2578 876 2801 941 quum

575 956 667 1020 ab
707 955 836 1020 hac
875 956 1024 1020 luce
1066 955 1511 1042 migrauerint
1555 958 1815 1023 faciant
1854 958 2202 1043 speciales,
2295 959 2388 1024 Et
2430 959 2499 1024 in
2540 965 2800 1025 euentu

573 1081 714 1144 quo
799 1060 1158 1146 contingat
1251 1061 1438 1145 quod
1533 1062 1941 1148 Capellanus
2033 1062 2424 1129 huiusmodi
2510 1069 2795 1150 propter

575 1172 835 1229 etatem
874 1164 1296 1250 decrepitam
1335 1173 1458 1231 aut
1499 1166 1861 1232 aduersam
1900 1168 2369 1234 valetudinem
2407 1190 2527 1234 seu
2558 1189 2797 1234 casum

573 1270 787 1335 alium
830 1269 1169 1335 celebrare
1213 1291 1352 1336 non
1397 1272 1651 1348 valeat,
1699 1272 1888 1337 dicat
1933 1279 2100 1337 tunc
2142 1272 2394 1338 cotidie
2437 1272 2493 1338 si
2540 1273 2795 1358 poterit

573 1381 839 1460 septem
879 1375 1179 1459 psalmos
1216 1376 1705 1460 penitenciales
1744 1397 1901 1442 cum
1940 1377 2199 1442 letania
2236 1399 2317 1443 ac
2354 1378 2795 1443 commenda·

573 1481 787 1555 cione‚
817 1485 886 1544 et
911 1478 1274 1545 seruicium
1300 1501 1425 1566 pro
1449 1482 1815 1548 animabus
1840 1488 2271 1547 mortuorum
2296 1482 2793 1568 supradictum.

752 1675 936 1741 Volo
987 1675 1281 1755 insuper
1323 1681 1392 1739 et
1442 1675 1743 1740 concedo
1786 1695 1910 1759 pro
1948 1695 2057 1739 me
2096 1681 2166 1739 et
2203 1675 2566 1740 heredibus
2604 1675 2795 1751 meis,

572 1782 761 1867 quod
789 1803 913 1868 ego
939 1788 1011 1846 et
1037 1781 1318 1846 heredes
1345 1781 1479 1845 mei
1507 1778 1797 1865 predicti
1826 1779 2251 1864 mesuagium
2282 1780 2351 1844 in
2378 1779 2795 1855 Clotherom,

572 1893 711 1952 tres
749 1907 942 1952 acras
981 1886 1185 1971 prati,
1225 1885 1587 1971 sexaginta
1626 1891 1696 1948 et
1732 1883 2077 1948 sexdecim
2114 1882 2446 1948 solidatas
2484 1883 2797 1950 redditus

568 2013 728 2057 cum
775 1992 1022 2077 pertin.
1073 1990 1142 2056 in
1190 1991 1370 2055 villis
1417 1989 1502 2054 de
1548 1989 1942 2054 Clotherom
1989 1995 2060 2053 et
2108 1988 2357 2072 Ripon'
2409 1988 2495 2053 de
2538 1975 2840 2074 quibus·

572 2096 1000 2182 premittitur
1028 2095 1338 2180 predicto
1369 2094 1532 2159 d'no
1563 2093 1865 2158 Will’mo
1894 2092 2266 2177 Capellano
2296 2099 2365 2158 et
2396 2093 2797 2158 successori-

571 2203 702 2267 bus
737 2201 877 2266 suis
913 2199 1298 2286 Capellanis
1334 2205 1578 2265 contra
1613 2219 1851 2263 omnes
1887 2203 2124 2283 gentes
2160 2197 2786 2272 warantizabimuS,

573 2305 1196 2381 manutenebimus,
1254 2311 1324 2369 et
1379 2304 1891 2388 imperpetuum
1947 2301 2414 2378 defendemuS‚
2472 2323 2551 2368 ac
2606 2300 2797 2366 dicta

139 2410 406 2470 property
431 2408 542 2456 and
572 2411 922 2496 mesuagia
976 2416 1046 2475 et
1104 2409 1432 2485 reddituS‚
1491 2428 1758 2473 necnon
1814 2407 2075 2471 dictam
2131 2405 2501 2491 Capellam,
2559 2405 2789 2482 libros,

137 2473 310 2536 goods
349 2473 408 2522 of
448 2474 543 2523 the

209 2540 466 2604 chantry.

160 3027 507 3076 Inventories

157 3101 219 3143 to
257 3095 326 3144 be
360 3094 512 3157 kept.

167 3867 284 3916 The
325 3867 502 3930 Chap-

155 3935 314 3984 lain's
358 3933 510 3983 oatli.

571 2515 834 2591 caliceS‚
910 2521 980 2579 et
1053 2515 1491 2589 vestimenta,
1565 2531 1839 2597 panem,
1914 2511 2175 2586 vinum,
2250 2509 2636 2585 luminaria,
2710 2531 2795 2575 ac

565 2626 794 2685 cetera
883 2624 1292 2684 ornamenta
1382 2636 1817 2703 quecumque
1908 2615 1998 2680 ad
2087 2615 2351 2680 dictam
2442 2613 2793 2699 Capellam

565 2722 960 2809 spectancia
1026 2722 1452 2787 inueniemus
1519 2727 1588 2786 et
1655 2719 1873 2786 eciam
1932 2718 2501 2794 sustentabimuS,
2549 2723 2621 2783 et
2687 2739 2789 2794 ea,

566 2848 892 2914 quociens
933 2847 1003 2892 1n
1048 2832 1200 2891 toto
1242 2826 1352 2890 vel
1393 2825 1462 2889 in
1507 2830 1705 2910 parte
1747 2823 2263 2888 construccione
2306 2822 2680 2888 refeccione
2720 2830 2792 2888 et

568 2931 1004 3019 reparacione
1074 2930 1144 2996 in
1211 2935 1623 3014 coopertura
1688 2949 1809 2993 seu
1876 2927 2011 2992 alio
2078 2927 2286 2992 modo
2352 2947 2794 3012 quocumque

569 3035 1006 3122 indiguerint,
1057 3033 1405 3099 emendari
1444 3033 1775 3098 faciemus
1813 3038 1881 3096 et
1920 3031 2137 3098 eciam
2177 3030 2497 3116 reparari,
2532 3031 2791 3096 nostris

567 3139 966 3226 sumptibus
1015 3145 1085 3204 et
1133 3137 1468 3223 expensis

749 3333 855 3396 De
927 3331 1190 3410 quibus
1230 3329 1511 3415 quidem
1552 3327 1975 3394 ornamentis
2014 3327 2105 3392 ad
2141 3326 2404 3393 dictam
2437 3325 2788 3411 Capellam

565 3437 1064 3523 spectantibus,
1120 3435 1278 3499 volo
1330 3440 1401 3498 et
1454 3434 1700 3499 ordino
1759 3432 1948 3517 quod
2010 3431 2302 3516 quilibet
2376 3429 2789 3515 Capellanus

564 3542 684 3628 qui
729 3562 854 3626 pro
902 3548 1212 3624 tempore
1258 3538 1465 3603 fuerit
1513 3537 1582 3602 in
1631 3537 1820 3603 dicta
1866 3535 2163 3621 Capella,
2203 3541 2367 3600 ante
2403 3534 2784 3610 decessum,

567 3646 962 3721 cessionem,
1051 3665 1171 3707 seu
1259 3642 1687 3706 amocionem
1782 3661 2002 3716 suam,
2092 3639 2414 3704 conficiat
2512 3637 2785 3703 fidelem

567 3750 1028 3823 indenturam,
1079 3747 1272 3812 cuius
1318 3767 1458 3811 vna
1504 3765 1665 3830 pars
1712 3765 1918 3829 penes
1966 3763 2073 3808 me
2121 3749 2191 3808 et
2238 3743 2519 3807 heredes
2570 3763 2783 3818 meos»,

568 3861 637 3920 et
673 3855 808 3919 alia
841 3873 1048 3938 penes
1083 3852 1395 3916 futurum
1430 3850 1863 3935 capellanum
1898 3853 2250 3913 remaneat
2283 3847 2782 3912 conseruanda.

567 3959 741 4024 Volo
821 3959 1097 4041 insuper
1176 3963 1246 4020 et
1327 3955 1569 4020 ordino
1642 3975 1765 4040 per
1828 3959 2176 4039 presentes
2241 3951 2430 4038 quod
2488 3951 2783 4036 quilibet

565 4063 971 4148 Capellanus
1061 4061 1129 4124 in
1220 4059 1409 4125 dicta
1495 4059 1808 4124 cantaria
1911 4056 2377 4122 instituendus
2470 4062 2784 4140 tempore

559 4166 1020 4232 institucionis
1089 4186 1209 4230 sue
1275 4163 1670 4229 huiusmodi
1739 4163 1830 4228 ad
1896 4167 2139 4227 sancta
2206 4161 2334 4225 Dei
2404 4160 2787 4246 Euangelia

557 4272 1022 4336 iuramentum
1061 4274 1320 4353 prestet
1347 4281 1364 4310 ¹
1406 4267 1755 4352 corporale
1793 4265 1980 4351 quod
2020 4265 2253 4329 omnia
2290 4271 2359 4328 et
2398 4264 2667 4349 singula
2712 4265 2783 4329 in

555 4375 854 4461 presenti
892 4372 1330 4438 ordinacione
1367 4393 1520 4437 mea
1555 4377 1889 4436 contenta
1926 4369 2216 4434 fideliter
2252 4369 2673 4444 obseruabit,
2712 4374 2785 4433 et

699 4583 714 4608 ¹
752 4579 867 4630 MS.
897 4577 997 4627 has
1027 4583 1056 4599 ¹·
1080 4573 1352 4641 prestat.”
1441 4579 1450 4586 '
