3217 5117
1235 339 1783 406 CARTULARY.

1073 435 1923 502 *memmer-
2506 459 2592 523 43

385 608 838 694 Wydendon‚
880 610 1070 675 D'no
1107 610 1261 675 Ric.
1300 611 1387 675 de
1429 612 1708 696 Boyuill
1741 614 2125 679 senescallo
2164 612 2305 679 d’ni
2346 614 2585 689 Ebot„

384 710 592 775 Petro
634 712 721 775 de
771 710 1028 795 Eyuill,
1073 709 1359 787 balliuo,
1418 710 1667 775 Will’o
1713 710 1798 775 de
1849 712 2182 789 Massam,
2236 713 2593 797 Jeronimo

381 809 788 892 capellano,
851 807 1107 873 Rob’to
1163 809 1225 873 le
1281 810 1582 895 Surreys
1628 809 1929 894 Capell’s
1972 813 2147 894 (sic),
2207 812 2455 879 Will'o
2508 814 2595 880 de

385 909 812 986 Bocheland,
851 922 919 973 et
946 908 1127 973 aliis,

377 1115 520 1194 (5²)
593 1110 1020 1191 (EvaNcss
1083 1126 1571 1173 CONCERNING
1628 1127 1893 1175 ‘nrm-:s
1954 1128 2029 1175 m
2092 1112 2584 1196 WHITCLIFF).

553 1265 732 1331 Cum
782 1275 1156 1327 verteretur
1203 1262 1479 1344 questio
1529 1263 1596 1326 in
1650 1263 2047 1331 Canonicos
2094 1268 2178 1331 de
2240 1268 2475 1353 Ripon
2526 1286 2593 1336 et
2676 1290 2896 1338 ε-1235·

378 1364 621 1429 fratres
678 1363 1043 1446 hospitalis
1107 1360 1244 1426 S’ci
1301 1360 1522 1446 Joh’is
1575 1363 1663 1427 de
1722 1364 1984 1449 Ripon’
2032 1388 2243 1451 super
2304 1370 2592 1438 decimis
2624 1386 2964 1451 wyteclyffe.

379 1467 538 1529 lane
627 1464 713 1527 de
805 1460 1119 1549 Qwitelif
1199 1463 1676 1528 asserentibus
1767 1465 2285 1549 (quibusdam)¹
2370 1470 2592 1537 dictos

376 1563 624 1629 fratres
675 1562 924 1628 debere
973 1562 1226 1627 habere
1273 1561 1552 1625 terciam
1615 1576 1901 1646 partem,
1965 1563 2300 1632 Canonici
2357 1584 2587 1635 autem

374 1664 552 1729 duas
616 1676 866 1746 partes,
927 1661 1105 1725 sicut
1169 1660 1421 1725 habeat
1472 1661 1558 1725 de
1615 1662 1823 1726 blado
1869 1662 2180 1729 eiusdem
2240 1668 2583 1745 territorii,

372 1763 536 1828 aliis
611 1762 892 1845 quidem
979 1758 1266 1824 firmiter
1343 1762 1819 1826 asserentibus
1893 1762 2114 1829 dictos
2193 1764 2591 1834 Canonicos

374 1878 590 1929 totam
625 1862 966 1927 decimam
1011 1861 1167 1924 lane
1208 1860 1370 1923 dicti
1407 1860 1536 1924 loci
1571 1861 1823 1925 debere
1860 1862 2210 1946 percipere
2244 1889 2259 1940 3
2310 1868 2587 1932 tandem

372 1986 460 2030 ex
512 1976 834 2048 precepto
882 1960 1242 2042 W(alteri)
1289 1959 1796 2043 archiepiscopi
1847 1959 2023 2026 facta
2070 1976 2174 2029 est
2218 1964 2591 2048 inquisicio

375 2084 502 2148 per
557 2063 976 2127 Herbertum
1034 2060 1473 2142 capellanum
1532 2073 1598 2124 et
1652 2060 2143 2144 Thorphinum
2200 2078 2265 2127 et
2316 2064 2593 2130 Willel-

377 2184 568 2227 mum
654 2160 747 2225 fil.
841 2160 1138 2237 Odonis,
1227 2159 1617 2242 prepositos
1700 2160 1980 2233 iuratos,
2074 2162 2141 2226 in
2234 2166 2593 2247 presencia

380 2262 884 2348 Magistrorum
970 2259 1191 2344 Joh’is
1281 2258 1635 2343 Romayn‚
1730 2258 1863 2324 Ad.
1947 2260 2033 2326 de
2116 2262 2585 2341 Richemund‚

375 2362 464 2428 G.
521 2363 608 2427 de
667 2360 946 2437 Larder,
1005 2358 1124 2422 W.
1178 2359 1264 2422 de
1323 2358 1729 2435 Aureliane,
1792 2371 1859 2424 et
1903 2360 2124 2444 Joh’is
2170 2362 2256 2428 de
2316 2364 2587 2443 Hilton,

373 2475 543 2527 tunc
653 2460 906 2524 Balliui
1014 2473 1082 2524 et
1188 2458 1649 2540 plurimorum
1767 2459 2089 2537 aliorum,
2202 2464 2320 2545 qui
2431 2463 2596 2531 fide-

375 2562 530 2626 liter
591 2572 1036 2625 asseruerunt
1096 2570 1162 2622 et
1222 2556 1539 2632 corditer,
1608 2558 1796 2641 quod
1863 2574 2019 2643 post
2078 2562 2345 2626 obitum
2411 2566 2592 2630 bone

376 2660 711 2725 memorie
808 2657 1073 2743 Rogeri
1167 2656 1524 2740 archiep’i,
1627 2658 1948 2723 viderunt
2047 2660 2392 2727 Thomam
2489 2664 2583 2728 fil.

371 2760 652 2826 Thome
703 2758 790 2822 de
848 2760 1025 2821 ultra
1084 2757 1304 2821 Usam
1356 2770 1587 2821 tenere
1636 2759 2007 2842 grangiam
2060 2760 2143 2824 de
2192 2760 2466 2847 Qwitlif
2502 2766 2589 2828 ad

370 2860 672 2935 firmam,
713 2871 781 2922 et
824 2857 1066 2922 eodem
1117 2869 1429 2939 tempore
1466 2855 1909 2921 Willelmum
1960 2859 2045 2923 de
2097 2860 2311 2945 Laley
2354 2876 2593 2928 tenen-

371 2973 511 3024 tem
571 2958 944 3042 grangiam
1004 2957 1091 3021 de
1149 2956 1600 3041 Northscogh
1650 2956 1737 3021 ad
1795 2956 2067 3021 firmam
2124 2960 2464 3035 similiter,
2526 2977 2593 3027 et

369 3059 692 3122 Thomas
759 3070 1070 3138 tempore
1151 3054 1497 3119 tonsionis
1583 3056 1897 3121 vendidit
1964 3058 2147 3123 dicto
2230 3058 2592 3126 Willelmo

369 3180 545 3225 oues
585 3178 762 3240 quas
814 3155 1058 3220 habuit
1095 3154 1281 3237 apud
1322 3153 1607 3241 Qwitlif.
1713 3156 1816 3219 Eo
1849 3168 2161 3240 tempore
2194 3158 2591 3227 Thoraldus

369 3257 664 3323 clericus
738 3255 980 3319 habuit
1049 3268 1262 3319 totam
1340 3270 1600 3338 partem
1679 3256 2104 3321 decimarum
2177 3256 2262 3323 de
2326 3259 2601 3346 Qwitlif

373 3358 830 3441 pertinentem
919 3353 1004 3418 ad
1091 3356 1469 3420 canonicos
1561 3355 1821 3440 Ripon’
1907 3357 1994 3420 ad
2081 3356 2377 3436 firmam,
2468 3361 2586 3444 qui

375 3458 660 3523 nomine
722 3455 1238 3522 canonicorum
1302 3476 1527 3540 agens
1584 3457 1672 3520 ad
1738 3457 2184 3539 recuperand.
2246 3458 2588 3525 decimam

370 3559 458 3622 de
488 3556 692 3621 dictis
724 3555 1056 3619 omnibus
1083 3554 1383 3619 venditis
1415 3576 1647 3619 coram
1684 3555 2103 3621 officialibus
2130 3559 2592 3643 archiepisco-

373 3669 578 3741 patus
666 3654 905 3731 Ebor.‚
989 3654 1252 3719 scilicet
1332 3676 1565 3719 coram
1655 3656 2044 3721 Laurencio
2130 3658 2413 3724 Archid.
2506 3664 2591 3726 de

378 3756 710 3822 Bedforth
758 3770 824 3820 et
875 3754 1213 3839 magistro
1267 3754 1554 3841 Rogero
1605 3756 1918 3821 Arundel
1964 3756 2031 3820 in
2084 3756 2305 3822 forma
2354 3760 2590 3826 iudicii

370 3870 587 3922 totam
623 3854 961 3919 decimam
1007 3856 1164 3919 lane
1197 3855 1357 3919 dicti
1403 3856 1534 3920 loci
1578 3856 1664 3921 de
1699 3855 1974 3941 Qwitlif
1997 3857 2225 3921 euicit.
2329 3860 2592 3925 Dicunt

370 3956 593 4022 eciam
673 3954 854 4017 idem
940 3953 1156 4037 Jurati
1235 3955 1425 4037 quod
1512 3958 1919 4038 (tempore)¹
1999 3958 2181 4021 bone
2261 3962 2590 4025 memorie

375 4054 646 4141 Rogeri
713 4052 1066 4135 Archiep’i
1132 4053 1456 4118 viderunt
1527 4076 1789 4138 paucos
1863 4058 2210 4122 multones
2273 4070 2339 4121 et
2415 4060 2591 4144 hog-

368 4158 509 4238 (20)
549 4166 844 4240 gastres‚
883 4154 1307 4238 quandoque
1347 4156 1484 4232 lxv,
1525 4156 1951 4239 quandoque
1983 4158 2362 4241 octoginta,
2400 4161 2587 4242 apud

369 4254 663 4342 Qwitlif,
716 4254 802 4318 de
857 4254 1116 4335 quibus
1167 4254 1554 4319 Herbertus
1607 4257 1946 4339 presbiter
1998 4255 2164 4321 dicit
2208 4278 2283 4322 se
2331 4257 2589 4323 vidisse

367 4354 734 4421 ecclesiam
778 4353 864 4417 de
910 4351 1148 4435 Ripon
1194 4354 1570 4436 percipisse
1609 4354 1918 4420 decimas
1961 4355 2248 4441 integre.
2350 4357 2587 4422 Will’s

505 4536 519 4560 ¹
560 4531 828 4580 Inserted.
